
<record>
  <controlfield tag="001">111880</controlfield>
  <controlfield tag="003">SzGeCERN</controlfield>
  <controlfield tag="005">20150429164632.0</controlfield>
  <datafield tag="020" ind1=" " ind2=" ">
    <subfield code="a">9783527406012</subfield>
    <subfield code="u">print version, paperback</subfield>
  </datafield>
  <datafield tag="020" ind1=" " ind2=" ">
    <subfield code="a">9783527618477</subfield>
    <subfield code="c">130 (NL)</subfield>
    <subfield code="u">electronic version</subfield>
  </datafield>
  <datafield tag="024" ind1="8" ind2=" ">
    <subfield code="a">oai:cds.cern.ch:111880</subfield>
    <subfield code="p">cerncds:FULLTEXT</subfield>
  </datafield>
  <datafield tag="035" ind1=" " ind2=" ">
    <subfield code="9">EBL</subfield>
    <subfield code="a">482027</subfield>
  </datafield>
  <datafield tag="041" ind1=" " ind2=" ">
    <subfield code="a">eng</subfield>
  </datafield>
  <datafield tag="080" ind1=" " ind2=" ">
    <subfield code="a">539.12</subfield>
  </datafield>
  <datafield tag="100" ind1=" " ind2=" ">
    <subfield code="a">Griffiths, David J</subfield>
  </datafield>
  <datafield tag="245" ind1=" " ind2=" ">
    <subfield code="a">Introduction to elementary particles</subfield>
  </datafield>
  <datafield tag="250" ind1=" " ind2=" ">
    <subfield code="a">2nd rev. version</subfield>
  </datafield>
  <datafield tag="260" ind1=" " ind2=" ">
    <subfield code="a">New York, NY</subfield>
    <subfield code="b">Wiley</subfield>
    <subfield code="c">2008</subfield>
  </datafield>
  <datafield tag="300" ind1=" " ind2=" ">
    <subfield code="a">454 p</subfield>
  </datafield>
  <datafield tag="340" ind1=" " ind2=" ">
    <subfield code="a">paper</subfield>
  </datafield>
  <datafield tag="340" ind1=" " ind2=" ">
    <subfield code="a">ebook</subfield>
  </datafield>
  <datafield tag="490" ind1=" " ind2=" ">
    <subfield code="a">Physics textbook</subfield>
  </datafield>
  <datafield tag="505" ind1=" " ind2=" ">
    <subfield code="t">Introduction to Elementary Particles; CONTENTS; Preface; Introduction; Elementary Particle Physics; How Do You Produce Elementary Particles?; How Do You Detect Elementary Particles?; Units; References and Notes; 1 Historical Introduction to the Elementary Particles; 1.1 The Classical Era (1897-1932); 1.2 The Photon (1900-1924); 1.3 Mesons (1934-1947); 1.4 Antiparticles (1930-1956); 1.5 Neutrinos (1930-1962); 1.6 Strange Particles (1947-1960); 1.7 The Eightfold Way (1961-1964); 1.8 The Quark Model (1964); 1.9 The November Revolution and Its Aftermath (1974-1983)</subfield>
  </datafield>
  <datafield tag="505" ind1=" " ind2=" ">
    <subfield code="t">1.10 Intermediate Vector Bosons (1983)1.11 The Standard Model (1978-?); References and Notes; Problems; 2 Elementary Particle Dynamics; 2.1 The Four Forces; 2.2 Quantum Electrodynamics (QED); 2.3 Quantum Chromodynamics (QCD); 2.4 Weak Interactions; 2.5 Decays and Conservation Laws; 2.6 Unification Schemes; References and Notes; Problems; 3 Relativistic Kinematics; 3.1 Lorentz Transformations; 3.2 Four-Vectors; 3.3 Energy and Momentum; 3.4 Collisions; 3.5 Examples and Applications; References and Notes; Problems; 4 Symmetries; 4.1 Symmetries, Groups, and Conservation Laws</subfield>
  </datafield>
  <datafield tag="505" ind1=" " ind2=" ">
    <subfield code="t">4.2 Spin and Orbital Angular Momentum4.3 Addition of Angular Momenta; 4.4 Spin 1/2; 4.5 Flavor Symmetries; 4.6 Parity; 4.7 Charge Conjugation; 4.8 CP Violation; 4.9 Time Reversal and the TCP Theorem; References and Notes; Problems; 5 Bound States; 5.1 The Schrödinger Equation for a Central Potential; 5.2 The Hydrogen Atom; 5.3 Fine Structure; 5.4 The Lamb Shift; 5.5 Hyperfine Structure; 5.6 Positronium; 5.7 Quarkonium; 5.8 Light Quark Mesons; 5.9 Baryons; 5.10 Baryon Masses and Magnetic Moments; References and Notes; Problems; 6 The Feynman Calculus; 6.1 Lifetimes and Cross Sections</subfield>
  </datafield>
  <datafield tag="505" ind1=" " ind2=" ">
    <subfield code="t">6.2 The Golden Rule6.3 The Feynman Rules for a Toy Theory; 6.4 Lifetime of the A; 6.5 Scattering; 6.6 Higher-Order Diagrams; References and Notes; Problems; 7 Quantum Electrodynamics; 7.1 The Dirac Equation; 7.2 Solutions to the Dirac Equation; 7.3 Bilinear Covariants; 7.4 The Photon; 7.5 The Feynman Rules for Quantum Electrodynamics; 7.6 Examples; 7.7 Casimir's Trick and the Trace Theorems; 7.8 Cross Sections and Lifetimes; 7.9 Renormalization; References and Notes; Problems; 8 Electrodynamics of Quarks and Hadrons; 8.1 Electron-Quark Interactions; 8.2 Hadron Production in e+e- Scattering</subfield>
  </datafield>
  <datafield tag="505" ind1=" " ind2=" ">
    <subfield code="t">8.3 Elastic Electron-Proton Scattering8.4 Inelastic Electron-Proton Scattering; 8.5 The Parton Model and Bjorken Scaling; 8.6 Quark Distribution Functions; References and Notes; Problems; 9 Quantum Chromodynamics; 9.1 Feynman Rules for Chromodynamics; 9.2 The Quark-Quark Interaction; 9.3 Pair Annihilation in QCD; 9.4 Asymptotic Freedom; 9.5 Applications of QCD; References and Notes; Problems; 10 Weak Interactions; 10.1 Charged Leptonic Weak Interactions; 10.2 Decay of the Muon; 10.3 Decay of the Neutron; 10.4 Decay of the Pion; 10.5 Charged Weak Interactions of Quarks</subfield>
  </datafield>
  <datafield tag="505" ind1=" " ind2=" ">
    <subfield code="t">10.6 Neutral Weak Interactions</subfield>
  </datafield>
  <datafield tag="520" ind1=" " ind2=" ">
    <subfield code="a">This is the first quantitative treatment of elementary particle theory that is accessible to undergraduates. Using a lively, informal writing style, the author strikes a balance between quantitative rigor and intuitive understanding. The first chapter provides a detailed historical introduction to the subject. Subsequent chapters offer a consistent and modern presentation, covering the quark model, Feynman diagrams, quantum electrodynamics, and gauge theories. A clear introduction to the Feynman rules, using a simple model, helps readers learn the calculational techniques without the complicat</subfield>
  </datafield>
  <datafield tag="541" ind1=" " ind2=" ">
    <subfield code="9">75.00</subfield>
    <subfield code="h">65</subfield>
  </datafield>
  <datafield tag="583" ind1=" " ind2=" ">
    <subfield code="c">26-Jun-09</subfield>
  </datafield>
  <datafield tag="595" ind1=" " ind2=" ">
    <subfield code="a">EBL201310</subfield>
  </datafield>
  <datafield tag="599" ind1=" " ind2=" ">
    <subfield code="a">34</subfield>
    <subfield code="b">14</subfield>
    <subfield code="c">20</subfield>
  </datafield>
  <datafield tag="650" ind1="1" ind2="7">
    <subfield code="2">SzGeCERN</subfield>
    <subfield code="a">Particle Physics</subfield>
  </datafield>
  <datafield tag="653" ind1="1" ind2=" ">
    <subfield code="9">CERN</subfield>
    <subfield code="a">QCD</subfield>
  </datafield>
  <datafield tag="653" ind1="1" ind2=" ">
    <subfield code="9">CERN</subfield>
    <subfield code="a">QED</subfield>
  </datafield>
  <datafield tag="653" ind1="1" ind2=" ">
    <subfield code="9">CERN</subfield>
    <subfield code="a">gauge theories</subfield>
  </datafield>
  <datafield tag="653" ind1="1" ind2=" ">
    <subfield code="9">CERN</subfield>
    <subfield code="a">history</subfield>
  </datafield>
  <datafield tag="653" ind1="1" ind2=" ">
    <subfield code="9">CERN</subfield>
    <subfield code="a">kinematics</subfield>
  </datafield>
  <datafield tag="653" ind1="1" ind2=" ">
    <subfield code="9">CERN</subfield>
    <subfield code="a">symmetry</subfield>
  </datafield>
  <datafield tag="690" ind1="C" ind2=" ">
    <subfield code="a">BOOK</subfield>
  </datafield>
  <datafield tag="697" ind1="C" ind2=" ">
    <subfield code="a">BOOKSHOP</subfield>
  </datafield>
  <datafield tag="775" ind1=" " ind2=" ">
    <subfield code="b">1st ed.</subfield>
    <subfield code="c">2007</subfield>
    <subfield code="w">1260972</subfield>
  </datafield>
  <datafield tag="852" ind1=" " ind2=" ">
    <subfield code="c">CERN Central Library</subfield>
    <subfield code="h">539.12 GRI</subfield>
  </datafield>
  <datafield tag="856" ind1="4" ind2=" ">
    <subfield code="u">http://www.wiley-vch.de/supplements/</subfield>
    <subfield code="y">Access to supplements for teachers</subfield>
  </datafield>
  <datafield tag="856" ind1="4" ind2=" ">
    <subfield code="u">https://cdsweb.cern.ch/auth.py?r=EBLIB_P_482027</subfield>
    <subfield code="y">ebook</subfield>
  </datafield>
  <datafield tag="856" ind1="4" ind2=" ">
    <subfield code="s">429954</subfield>
    <subfield code="u">http://cds.cern.ch/record/111880/files/9783527406012_TOC.pdf</subfield>
    <subfield code="y">1. Table of contents</subfield>
  </datafield>
  <datafield tag="916" ind1=" " ind2=" ">
    <subfield code="s">h</subfield>
    <subfield code="w">200848</subfield>
    <subfield code="e">EBL</subfield>
  </datafield>
  <datafield tag="960" ind1=" " ind2=" ">
    <subfield code="a">21</subfield>
  </datafield>
  <datafield tag="961" ind1=" " ind2=" ">
    <subfield code="c">20100507</subfield>
    <subfield code="h">1504</subfield>
    <subfield code="l">CER01</subfield>
    <subfield code="x">20081128</subfield>
  </datafield>
  <datafield tag="963" ind1=" " ind2=" ">
    <subfield code="a">PUBLIC</subfield>
  </datafield>
  <datafield tag="964" ind1=" " ind2=" ">
    <subfield code="a">0008</subfield>
  </datafield>
  <datafield tag="970" ind1=" " ind2=" ">
    <subfield code="a">002791541CER</subfield>
  </datafield>
  <datafield tag="980" ind1=" " ind2=" ">
    <subfield code="a">BOOK</subfield>
  </datafield>
</record>