
<record>
  <controlfield tag="001">396126</controlfield>
  <controlfield tag="003">SzGeCERN</controlfield>
  <controlfield tag="005">20150603193845.0</controlfield>
  <datafield tag="020" ind1=" " ind2=" ">
    <subfield code="a">0521621968</subfield>
    <subfield code="u">print version, hardback</subfield>
  </datafield>
  <datafield tag="020" ind1=" " ind2=" ">
    <subfield code="a">9780521621960</subfield>
    <subfield code="u">print version, hardback</subfield>
  </datafield>
  <datafield tag="020" ind1=" " ind2=" ">
    <subfield code="a">9780511809040</subfield>
    <subfield code="u">electronic version</subfield>
  </datafield>
  <datafield tag="024" ind1="8" ind2=" ">
    <subfield code="a">oai:cds.cern.ch:396126</subfield>
    <subfield code="p">cerncds:FULLTEXT</subfield>
  </datafield>
  <datafield tag="024" ind1="7" ind2=" ">
    <subfield code="2">DOI</subfield>
    <subfield code="a">10.1017/CBO9780511809040</subfield>
    <subfield code="q">ebook</subfield>
  </datafield>
  <datafield tag="035" ind1=" " ind2=" ">
    <subfield code="a">0322488CERCER</subfield>
  </datafield>
  <datafield tag="041" ind1=" " ind2=" ">
    <subfield code="a">eng</subfield>
  </datafield>
  <datafield tag="080" ind1=" " ind2=" ">
    <subfield code="a">539.12</subfield>
  </datafield>
  <datafield tag="100" ind1=" " ind2=" ">
    <subfield code="a">Perkins, Donald Hill</subfield>
  </datafield>
  <datafield tag="245" ind1=" " ind2=" ">
    <subfield code="a">Introduction to high-energy physics</subfield>
  </datafield>
  <datafield tag="250" ind1=" " ind2=" ">
    <subfield code="a">4th ed.</subfield>
  </datafield>
  <datafield tag="260" ind1=" " ind2=" ">
    <subfield code="a">Cambridge</subfield>
    <subfield code="b">Cambridge Univ. Press</subfield>
    <subfield code="c">2000</subfield>
  </datafield>
  <datafield tag="300" ind1=" " ind2=" ">
    <subfield code="a">426 p</subfield>
  </datafield>
  <datafield tag="340" ind1=" " ind2=" ">
    <subfield code="a">paper</subfield>
  </datafield>
  <datafield tag="340" ind1=" " ind2=" ">
    <subfield code="a">ebook</subfield>
  </datafield>
  <datafield tag="541" ind1=" " ind2=" ">
    <subfield code="9">68.00</subfield>
    <subfield code="h">55</subfield>
  </datafield>
  <datafield tag="583" ind1=" " ind2=" ">
    <subfield code="c">13-May-09</subfield>
  </datafield>
  <datafield tag="595" ind1=" " ind2=" ">
    <subfield code="a">gift: Kienzle, Werner</subfield>
  </datafield>
  <datafield tag="595" ind1=" " ind2=" ">
    <subfield code="a">CBO201302</subfield>
  </datafield>
  <datafield tag="599" ind1=" " ind2=" ">
    <subfield code="a">32</subfield>
    <subfield code="b">29</subfield>
    <subfield code="c">3</subfield>
  </datafield>
  <datafield tag="650" ind1="1" ind2="7">
    <subfield code="2">SzGeCERN</subfield>
    <subfield code="a">Particle Physics</subfield>
  </datafield>
  <datafield tag="653" ind1="1" ind2=" ">
    <subfield code="9">CERN</subfield>
    <subfield code="a">Feynman diagrams</subfield>
  </datafield>
  <datafield tag="653" ind1="1" ind2=" ">
    <subfield code="9">CERN</subfield>
    <subfield code="a">Standard model</subfield>
  </datafield>
  <datafield tag="653" ind1="1" ind2=" ">
    <subfield code="9">CERN</subfield>
    <subfield code="a">Yukuwa theory</subfield>
  </datafield>
  <datafield tag="653" ind1="1" ind2=" ">
    <subfield code="9">CERN</subfield>
    <subfield code="a">cosmology</subfield>
  </datafield>
  <datafield tag="653" ind1="1" ind2=" ">
    <subfield code="9">CERN</subfield>
    <subfield code="a">hadron physics</subfield>
  </datafield>
  <datafield tag="653" ind1="1" ind2=" ">
    <subfield code="9">CERN</subfield>
    <subfield code="a">supersymmetry</subfield>
  </datafield>
  <datafield tag="653" ind1="1" ind2=" ">
    <subfield code="9">CERN</subfield>
    <subfield code="a">weak interactions</subfield>
  </datafield>
  <datafield tag="690" ind1="C" ind2=" ">
    <subfield code="a">BOOK</subfield>
  </datafield>
  <datafield tag="697" ind1="C" ind2=" ">
    <subfield code="a">BOOKSHOP</subfield>
  </datafield>
  <datafield tag="775" ind1=" " ind2=" ">
    <subfield code="b">3rd ed.</subfield>
    <subfield code="c">1987</subfield>
    <subfield code="w">108804</subfield>
  </datafield>
  <datafield tag="775" ind1=" " ind2=" ">
    <subfield code="b">1st ed.</subfield>
    <subfield code="c">1972</subfield>
    <subfield code="w">102248</subfield>
  </datafield>
  <datafield tag="775" ind1=" " ind2=" ">
    <subfield code="b">2nd ed.</subfield>
    <subfield code="c">1982</subfield>
    <subfield code="w">100100</subfield>
  </datafield>
  <datafield tag="852" ind1=" " ind2=" ">
    <subfield code="c">CERN Central Library</subfield>
    <subfield code="h">539.12 PER</subfield>
  </datafield>
  <datafield tag="856" ind1="4" ind2=" ">
    <subfield code="s">204497</subfield>
    <subfield code="u">http://cds.cern.ch/record/396126/files/0521621968_TOC.pdf</subfield>
    <subfield code="y">1. Table of contents</subfield>
  </datafield>
  <datafield tag="916" ind1=" " ind2=" ">
    <subfield code="d">200603</subfield>
    <subfield code="s">r</subfield>
    <subfield code="w">200610</subfield>
  </datafield>
  <datafield tag="916" ind1=" " ind2=" ">
    <subfield code="e">CBO</subfield>
  </datafield>
  <datafield tag="960" ind1=" " ind2=" ">
    <subfield code="a">21</subfield>
  </datafield>
  <datafield tag="961" ind1=" " ind2=" ">
    <subfield code="c">20091104</subfield>
    <subfield code="h">2203</subfield>
    <subfield code="l">CER01</subfield>
    <subfield code="x">19990810</subfield>
  </datafield>
  <datafield tag="963" ind1=" " ind2=" ">
    <subfield code="a">PUBLIC</subfield>
  </datafield>
  <datafield tag="964" ind1=" " ind2=" ">
    <subfield code="a">0019</subfield>
  </datafield>
  <datafield tag="970" ind1=" " ind2=" ">
    <subfield code="a">000322488CER</subfield>
  </datafield>
  <datafield tag="980" ind1=" " ind2=" ">
    <subfield code="a">BOOK</subfield>
  </datafield>
  <datafield tag="981" ind1=" " ind2=" ">
    <subfield code="a">002492603CER</subfield>
  </datafield>
</record>