
<record>
  <controlfield tag="001">1517556</controlfield>
  <controlfield tag="003">SzGeCERN</controlfield>
  <controlfield tag="005">20141215195449.0</controlfield>
  <datafield tag="245" ind1=" " ind2=" ">
    <subfield code="a">Data analysis in high energy physics</subfield>
    <subfield code="b">a practical guide to statistical methods</subfield>
  </datafield>
  <datafield tag="690" ind1="C" ind2=" ">
    <subfield code="a">BOOK</subfield>
  </datafield>
  <datafield tag="960" ind1=" " ind2=" ">
    <subfield code="a">21</subfield>
  </datafield>
  <datafield tag="650" ind1="1" ind2="7">
    <subfield code="2">SzGeCERN</subfield>
    <subfield code="a">Mathematical Physics and Mathematics</subfield>
  </datafield>
  <datafield tag="300" ind1=" " ind2=" ">
    <subfield code="a">419 p</subfield>
  </datafield>
  <datafield tag="340" ind1=" " ind2=" ">
    <subfield code="a">paper</subfield>
  </datafield>
  <datafield tag="340" ind1=" " ind2=" ">
    <subfield code="a">ebook</subfield>
  </datafield>
  <datafield tag="505" ind1=" " ind2=" ">
    <subfield code="t">Data Analysis in High Energy Physics; Contents; Preface; List of Contributors; 1 Fundamental Concepts; 1.1 Introduction; 1.2 Probability Density Functions; 1.2.1 Expectation Values; 1.2.2 Moments; 1.2.3 Associated Functions; 1.3 Theoretical Distributions; 1.3.1 The Gaussian Distribution; 1.3.2 The Poisson Distribution; 1.3.3 The Binomial Distribution; 1.3.4 Other Distributions; 1.4 Probability; 1.4.1 Mathematical Definition of Probability; 1.4.2 Classical Definition of Probability; 1.4.3 Frequentist Definition of Probability; 1.4.4 Bayesian Definition of Probability</subfield>
  </datafield>
  <datafield tag="505" ind1=" " ind2=" ">
    <subfield code="t">1.5 Inference and Measurement1.5.1 Likelihood; 1.5.2 Frequentist Inference; 1.5.3 Bayesian Inference; 1.6 Exercises; References; 2 Parameter Estimation; 2.1 Parameter Estimation in High Energy Physics: Introductory Words; 2.2 Parameter Estimation: Definition and Properties; 2.3 The Method of Maximum Likelihood; 2.3.1 Maximum-Likelihood Solution; 2.3.2 Properties of the Maximum-Likelihood Estimator; 2.3.3 Maximum Likelihood and Bayesian Statistics; 2.3.4 Variance of the Maximum-Likelihood Estimator; 2.3.5 Minimum-Variance Bound and Experiment Design; 2.4 The Method of Least Squares</subfield>
  </datafield>
  <datafield tag="505" ind1=" " ind2=" ">
    <subfield code="t">2.4.1 Linear Least-Squares Method2.4.2 Non-linear Least-Squares Fits; 2.5 Maximum-Likelihood Fits:Unbinned, Binned, Standard and Extended Likelihood; 2.5.1 Unbinned Maximum-Likelihood Fits; 2.5.2 Extended Maximum Likelihood; 2.5.3 Binned Maximum-Likelihood Fits; 2.5.4 Least-Squares Fit to a Histogram; 2.5.5 Special Topic: Averaging Data with Inconsistencies; 2.6 Bayesian Parameter Estimation; 2.7 Exercises; References; 3 Hypothesis Testing; 3.1 Basic Concepts; 3.1.1 Statistical Hypotheses; 3.1.2 Test Statistic; 3.1.3 Critical Region; 3.1.4 Type I and Type II Errors</subfield>
  </datafield>
  <datafield tag="505" ind1=" " ind2=" ">
    <subfield code="t">3.1.5 Summary: the Testing Process3.2 Choosing the Test Statistic; 3.3 Choice of the Critical Region; 3.4 Determining Test Statistic Distributions; 3.5 p-Values; 3.5.1 Significance Levels; 3.5.2 Inclusion of Systematic Uncertainties; 3.5.3 Combining Tests; 3.5.4 Look-Elsewhere Effect; 3.6 Inversion of Hypothesis Tests; 3.7 Bayesian Approach to Hypothesis Testing; 3.8 Goodness-of-Fit Tests; 3.8.1 Pearson's 2 Test; 3.8.2 Run Test; 3.8.3 2 Test with Unbinned Measurements; 3.8.4 Test Using the Maximum-Likelihood Estimate; 3.8.5 Kolmogorov-Smirnov Test; 3.8.6 Smirnov-Cramér-von Mises Test</subfield>
  </datafield>
  <datafield tag="505" ind1=" " ind2=" ">
    <subfield code="t">3.8.7 Two-Sample Tests3.9 Conclusion; 3.10 Exercises; References; 4 Interval Estimation; 4.1 Introduction; 4.2 Characterisation of Interval Constructions; 4.3 Frequentist Methods; 4.3.1 Neyman's Construction; 4.3.2 Test Inversion; 4.3.3 Pivoting; 4.3.4 Asymptotic Approximations; 4.3.5 Bootstrapping; 4.3.6 Nuisance Parameters; 4.4 Bayesian Methods; 4.4.1 Binomial Efficiencies; 4.4.2 Poisson Means; 4.5 Graphical Comparison of Interval Constructions; 4.6 The Role of Intervals in Search Procedures; 4.6.1 Coverage; 4.6.2 Sensitivity; 4.7 Final Remarks and Recommendations; 4.8 Exercises; References</subfield>
  </datafield>
  <datafield tag="505" ind1=" " ind2=" ">
    <subfield code="t">5 Classification</subfield>
  </datafield>
  <datafield tag="541" ind1=" " ind2=" ">
    <subfield code="9">70.00</subfield>
  </datafield>
  <datafield tag="595" ind1=" " ind2=" ">
    <subfield code="a">EBL201309</subfield>
  </datafield>
  <datafield tag="980" ind1=" " ind2=" ">
    <subfield code="a">BOOK</subfield>
  </datafield>
  <datafield tag="080" ind1=" " ind2=" ">
    <subfield code="a">519.2</subfield>
  </datafield>
  <datafield tag="080" ind1=" " ind2=" ">
    <subfield code="a">539.1-167</subfield>
  </datafield>
  <datafield tag="080" ind1=" " ind2=" ">
    <subfield code="a">53.08</subfield>
  </datafield>
  <datafield tag="700" ind1=" " ind2=" ">
    <subfield code="a">Behnke, Olaf</subfield>
    <subfield code="e">ed.</subfield>
  </datafield>
  <datafield tag="700" ind1=" " ind2=" ">
    <subfield code="a">Kröninger, Kevin</subfield>
    <subfield code="e">ed.</subfield>
  </datafield>
  <datafield tag="700" ind1=" " ind2=" ">
    <subfield code="a">Schott, Grégory</subfield>
    <subfield code="e">ed.</subfield>
  </datafield>
  <datafield tag="700" ind1=" " ind2=" ">
    <subfield code="a">Schörner-Sadenius, Thomas</subfield>
    <subfield code="e">ed.</subfield>
  </datafield>
  <datafield tag="852" ind1=" " ind2=" ">
    <subfield code="c">CERN Central Library</subfield>
    <subfield code="h">519.2 BEH</subfield>
  </datafield>
  <datafield tag="856" ind1="4" ind2=" ">
    <subfield code="u">https://cdsweb.cern.ch/auth.py?r=EBLIB_P_1315866</subfield>
    <subfield code="y">ebook</subfield>
  </datafield>
  <datafield tag="916" ind1=" " ind2=" ">
    <subfield code="d">201307</subfield>
    <subfield code="s">h</subfield>
    <subfield code="w">201308</subfield>
    <subfield code="e">EBL</subfield>
  </datafield>
  <datafield tag="260" ind1=" " ind2=" ">
    <subfield code="a">Weinheim</subfield>
    <subfield code="b">Wiley-VCH</subfield>
    <subfield code="c">2013</subfield>
  </datafield>
  <datafield tag="520" ind1=" " ind2=" ">
    <subfield code="a">This practical guide covers the most essential statistics-related tasks and problems encountered in high-energy physics data analyses. It addresses both advanced students entering the field of particle physics as well as researchers looking for a reliable source on optimal separation of signal and background, determining signals or estimating upper limits, correcting the data for detector effects and evaluating systematic uncertainties. Each chapter is dedicated to a single topic and supplemented by a substantial number of both paper and computer exercises related to real experiments, with the solutions provided at the end of the book along with references. A special feature of the book are the analysis walk-throughs used to illustrate the application of the methods discussed beforehand. The authors give examples of data analysis, referring to real problems in HEP, and display the different stages of data analysis in a descriptive manner. The accompanying website provides more algorithms as well as up-to-date information and links.</subfield>
  </datafield>
  <datafield tag="520" ind1=" " ind2=" ">
    <subfield code="a"> This practical guide covers the essential tasks in statistical data analysis encountered in high energy physics and provides comprehensive advice for typical questions and problems. The basic methods for inferring results from data are presented as well as tools for advanced tasks such as improving the signal-to-background ratio, correcting detector effects, determining systematics and many others. Concrete applications are discussed in analysis walkthroughs. Each chapter is supplemented by numerous examples and exercises and by a list of literature and relevant links. The book targets a br</subfield>
  </datafield>
  <datafield tag="020" ind1=" " ind2=" ">
    <subfield code="a">9783527410583</subfield>
    <subfield code="u">print version, paperback</subfield>
  </datafield>
  <datafield tag="020" ind1=" " ind2=" ">
    <subfield code="a">3527410589</subfield>
    <subfield code="u">print version, paperback</subfield>
  </datafield>
  <datafield tag="020" ind1=" " ind2=" ">
    <subfield code="a">9783527653447</subfield>
    <subfield code="c">99.95 (NL)</subfield>
    <subfield code="u">electronic version</subfield>
  </datafield>
  <datafield tag="035" ind1=" " ind2=" ">
    <subfield code="9">EBL</subfield>
    <subfield code="a">1315866</subfield>
  </datafield>
  <datafield tag="041" ind1=" " ind2=" ">
    <subfield code="a">eng</subfield>
  </datafield>
  <datafield tag="697" ind1="C" ind2=" ">
    <subfield code="a">BOOKSHOP</subfield>
  </datafield>
</record>