
<record>
  <controlfield tag="001">429722</controlfield>
  <controlfield tag="003">SzGeCERN</controlfield>
  <controlfield tag="005">20150708152506.0</controlfield>
  <datafield tag="595" ind1=" " ind2=" ">
    <subfield code="a">gift: Ericson, Torleif Eric Oskar</subfield>
  </datafield>
  <datafield tag="595" ind1=" " ind2=" ">
    <subfield code="a">EBL201310</subfield>
  </datafield>
  <datafield tag="599" ind1=" " ind2=" ">
    <subfield code="a">3</subfield>
    <subfield code="b">0</subfield>
    <subfield code="c">3</subfield>
  </datafield>
  <datafield tag="980" ind1=" " ind2=" ">
    <subfield code="a">BOOK</subfield>
  </datafield>
  <datafield tag="856" ind1="4" ind2=" ">
    <subfield code="u">https://cdsweb.cern.ch/auth.py?r=EBLIB_P_802918</subfield>
    <subfield code="y">ebook</subfield>
  </datafield>
  <datafield tag="916" ind1=" " ind2=" ">
    <subfield code="d">200604</subfield>
    <subfield code="e">EBL</subfield>
    <subfield code="s">r</subfield>
    <subfield code="w">200237</subfield>
  </datafield>
  <datafield tag="250" ind1=" " ind2=" ">
    <subfield code="a">2nd ed.</subfield>
  </datafield>
  <datafield tag="490" ind1=" " ind2=" ">
    <subfield code="a">Cambridge monographs on particle physics, nuclear physics, and cosmology</subfield>
    <subfield code="v">11</subfield>
  </datafield>
  <datafield tag="505" ind1=" " ind2=" ">
    <subfield code="t">Cover; Data Analysis Techniques for High-Energy Physics; CAMBRIDGE MONOGRAPHS ON PARTICLE PHYSICS, NUCLEAR PHYSICS AND COSMOLOGY; Title; Copyright; Contents; Preface to the second edition; Preface to the first edition; Abbreviations; Symbols; Introduction; 1. Real-time data triggering and filtering; 1.1 Definitions and goals of triggers and filters; 1.1.1 General properties of particle accelerators; 1.1.2 Secondary beams; 1.1.3 Energy balance in scattering experiments; 1.1.4 Luminosity; 1.1.5 Time structure of accelerators; 1.1.5.1 Time structure at fixed-target accelerators.</subfield>
  </datafield>
  <datafield tag="505" ind1=" " ind2=" ">
    <subfield code="t">1.1.5.2 Time structure at colliders.1.1.6 Event rates at different accelerators; 1.1.6.1 Event rates at fixed-target accelerators.; 1.1.6.2 Event rates in pp or pp colliders.; 1.1.6.3 Event rates in e+ e- colliders.; 1.1.6.4 Event rates at electron-proton colliders.; 1.1.7 Background rates; 1.2 Trigger schemes; 1.2.1 On-line data reduction; 1.2.2 Dead time of electronic components; 1.2.3 True and wrong coincidences, accidentals; 1.2.4 Multi-level triggers; 1.3 Queuing theory, queuing simulation and reliability; 1.3.1 Queuing theory; 1.3.2 Queuing simulation; 1.3.3 Reliability theory</subfield>
  </datafield>
  <datafield tag="505" ind1=" " ind2=" ">
    <subfield code="t">1.4 Classifications of triggers1.4.1 Trigger on event topology; 1.4.1.1 Trigger on track multiplicity.; 1.4.1.2 Trigger on direction of particles.; 1.4.1.3 Trigger on momentum of particles.; 1.4.1.4 Trigger on coplanarity.; 1.4.2 Trigger on type of particle; 1.4.2.1 Photons and Neutral Pions, ? and p0.; 1.4.2.2 Electrons, e.; 1.4.2.3 Muons, µ.; 1.4.2.4 Charged pions, p.; 1.4.2.5 Kaons, K.; 1.4.2.6 Protons, p.; 1.4.3 Trigger on deposited energy; 1.4.4 Trigger on missing energy; 1.4.5 Trigger on invariant mass; 1.4.6 Trigger on interaction point (vertex); 1.4.7 Acceptance</subfield>
  </datafield>
  <datafield tag="505" ind1=" " ind2=" ">
    <subfield code="t">1.5 Examples of triggers1.5.1 Fixed-flow triggers; 1.5.1.1 A simple fixed-flow trigger to measure angular distributions.; 1.5.1.2 A fixed-flow trigger to find curved tracks.; 1.5.1.3 A simple arithmetic trigger to measure total cross section.; 1.5.2 Track finding with a lumped delay line; 1.5.3 Track finding with memory look-up tables; 1.5.4 Trigger on tracks with field-programmable arrays; 1.5.5 Track finders in the trigger with variable-flow data-driven processors; 1.5.6 A microprogrammed track processor with CAM and look-up tables; 1.5.7 Examples of triggers on energy</subfield>
  </datafield>
  <datafield tag="505" ind1=" " ind2=" ">
    <subfield code="t">1.5.7.1 Example of analog trigger in the ASP experiment.1.5.7.2 Example of energy trigger in the ZEUS calorimeter.; 1.5.8 A data-driven trigger on invariant mass; 1.5.9 Triggering on neutral pions with neural networks; 1.5.1 0 Examples of triggers on interaction point; 1.5.10.1 Trigger on charge division.; 1.5.11 A trigger on interaction point for short-lived particles with a microstrip detector; 1.6 Implementation of triggers; 1. 6.1 Electronic components; 1.6.1.1 Pulse formers, discriminators.; 1.6.1.2 Window discriminators.; 1.6.1.3 Look-up tables.; 1.6.1.4 FPLAs.; 1.6.1.5 PALs.</subfield>
  </datafield>
  <datafield tag="505" ind1=" " ind2=" ">
    <subfield code="t">1.6.1.6 CAMs.</subfield>
  </datafield>
  <datafield tag="520" ind1=" " ind2=" ">
    <subfield code="a">Up-dated indispensable guide to handling and analysing data obtained from high-energy and nuclear physics experiments.</subfield>
  </datafield>
  <datafield tag="035" ind1=" " ind2=" ">
    <subfield code="a">2179086CERCER</subfield>
  </datafield>
  <datafield tag="035" ind1=" " ind2=" ">
    <subfield code="9">EBL</subfield>
    <subfield code="a">802918</subfield>
  </datafield>
  <datafield tag="690" ind1="C" ind2=" ">
    <subfield code="a">BOOK</subfield>
  </datafield>
  <datafield tag="697" ind1="C" ind2=" ">
    <subfield code="a">BOOKSHOP</subfield>
  </datafield>
  <datafield tag="700" ind1=" " ind2=" ">
    <subfield code="a">Regler, Meinhard</subfield>
  </datafield>
  <datafield tag="700" ind1=" " ind2=" ">
    <subfield code="a">Bock, Rudolf K</subfield>
  </datafield>
  <datafield tag="700" ind1=" " ind2=" ">
    <subfield code="a">Grote, H</subfield>
  </datafield>
  <datafield tag="700" ind1=" " ind2=" ">
    <subfield code="a">Notz, D</subfield>
  </datafield>
  <datafield tag="700" ind1=" " ind2=" ">
    <subfield code="a">Regler, Meinhard</subfield>
    <subfield code="e">ed.</subfield>
  </datafield>
  <datafield tag="700" ind1=" " ind2=" ">
    <subfield code="a">Frühwirth, Rudolf</subfield>
    <subfield code="e">ed.</subfield>
  </datafield>
  <datafield tag="852" ind1=" " ind2=" ">
    <subfield code="c">CERN Central Library</subfield>
    <subfield code="h">519.2 BOC</subfield>
  </datafield>
  <datafield tag="970" ind1=" " ind2=" ">
    <subfield code="a">002179086CER</subfield>
  </datafield>
  <datafield tag="541" ind1=" " ind2=" ">
    <subfield code="9">90.00</subfield>
    <subfield code="h">55.00</subfield>
  </datafield>
  <datafield tag="653" ind1="1" ind2=" ">
    <subfield code="9">CERN</subfield>
    <subfield code="a">data analysis</subfield>
  </datafield>
  <datafield tag="653" ind1="1" ind2=" ">
    <subfield code="9">CERN</subfield>
    <subfield code="a">data compilation</subfield>
  </datafield>
  <datafield tag="653" ind1="1" ind2=" ">
    <subfield code="9">CERN</subfield>
    <subfield code="a">filtering</subfield>
  </datafield>
  <datafield tag="653" ind1="1" ind2=" ">
    <subfield code="9">CERN</subfield>
    <subfield code="a">particle identification</subfield>
  </datafield>
  <datafield tag="653" ind1="1" ind2=" ">
    <subfield code="9">CERN</subfield>
    <subfield code="a">pattern recognition</subfield>
  </datafield>
  <datafield tag="653" ind1="1" ind2=" ">
    <subfield code="9">CERN</subfield>
    <subfield code="a">vertex fitting</subfield>
  </datafield>
  <datafield tag="650" ind1="1" ind2="7">
    <subfield code="2">SzGeCERN</subfield>
    <subfield code="a">Detectors and Experimental Techniques</subfield>
  </datafield>
  <datafield tag="300" ind1=" " ind2=" ">
    <subfield code="a">384 p</subfield>
  </datafield>
  <datafield tag="340" ind1=" " ind2=" ">
    <subfield code="a">paper</subfield>
  </datafield>
  <datafield tag="340" ind1=" " ind2=" ">
    <subfield code="a">ebook</subfield>
  </datafield>
  <datafield tag="080" ind1=" " ind2=" ">
    <subfield code="a">539.1.073.087</subfield>
  </datafield>
  <datafield tag="080" ind1=" " ind2=" ">
    <subfield code="a">53.088</subfield>
  </datafield>
  <datafield tag="080" ind1=" " ind2=" ">
    <subfield code="a">539.1.075</subfield>
  </datafield>
  <datafield tag="080" ind1=" " ind2=" ">
    <subfield code="a">519.2</subfield>
  </datafield>
  <datafield tag="260" ind1=" " ind2=" ">
    <subfield code="a">Cambridge</subfield>
    <subfield code="b">Cambridge Univ. Press</subfield>
    <subfield code="c">2000</subfield>
  </datafield>
  <datafield tag="020" ind1=" " ind2=" ">
    <subfield code="a">0521635489</subfield>
    <subfield code="u">print version, paperback</subfield>
  </datafield>
  <datafield tag="020" ind1=" " ind2=" ">
    <subfield code="a">9780521635486</subfield>
    <subfield code="u">print version, paperback</subfield>
  </datafield>
  <datafield tag="020" ind1=" " ind2=" ">
    <subfield code="a">0521632196</subfield>
    <subfield code="u">print version, hardback</subfield>
  </datafield>
  <datafield tag="020" ind1=" " ind2=" ">
    <subfield code="a">9781139137287</subfield>
    <subfield code="c">105 (NL)</subfield>
    <subfield code="u">electronic version</subfield>
  </datafield>
  <datafield tag="100" ind1=" " ind2=" ">
    <subfield code="a">Frühwirth, Rudolf</subfield>
  </datafield>
  <datafield tag="245" ind1=" " ind2=" ">
    <subfield code="a">Data analysis techniques for high-energy physics</subfield>
  </datafield>
  <datafield tag="041" ind1=" " ind2=" ">
    <subfield code="a">eng</subfield>
  </datafield>
  <datafield tag="964" ind1=" " ind2=" ">
    <subfield code="a">0007</subfield>
  </datafield>
  <datafield tag="960" ind1=" " ind2=" ">
    <subfield code="a">21</subfield>
  </datafield>
  <datafield tag="961" ind1=" " ind2=" ">
    <subfield code="c">20100107</subfield>
    <subfield code="h">1505</subfield>
    <subfield code="l">CER01</subfield>
    <subfield code="x">20000307</subfield>
  </datafield>
  <datafield tag="963" ind1=" " ind2=" ">
    <subfield code="a">PUBLIC</subfield>
  </datafield>
</record>