
<record>
  <controlfield tag="001">283223</controlfield>
  <controlfield tag="003">SzGeCERN</controlfield>
  <controlfield tag="005">20150603193829.0</controlfield>
  <datafield tag="020" ind1=" " ind2=" ">
    <subfield code="a">9780521670562</subfield>
    <subfield code="u">print version, paperback (set)</subfield>
  </datafield>
  <datafield tag="020" ind1=" " ind2=" ">
    <subfield code="a">9780521670531</subfield>
    <subfield code="u">print version, paperback, volume 1</subfield>
  </datafield>
  <datafield tag="020" ind1=" " ind2=" ">
    <subfield code="a">9780521670548</subfield>
    <subfield code="u">print version, paperback, volume 2</subfield>
  </datafield>
  <datafield tag="020" ind1=" " ind2=" ">
    <subfield code="a">9780521670555</subfield>
    <subfield code="u">print version, paperback, volume 3</subfield>
  </datafield>
  <datafield tag="020" ind1=" " ind2=" ">
    <subfield code="a">9780521550017</subfield>
    <subfield code="u">print version, hardback, volume 1</subfield>
  </datafield>
  <datafield tag="020" ind1=" " ind2=" ">
    <subfield code="a">0521550017</subfield>
    <subfield code="u">print version, hardback, volume 1</subfield>
  </datafield>
  <datafield tag="020" ind1=" " ind2=" ">
    <subfield code="a">0521550025</subfield>
    <subfield code="u">print version, hardback, volume 2</subfield>
  </datafield>
  <datafield tag="020" ind1=" " ind2=" ">
    <subfield code="a">9780521550024</subfield>
    <subfield code="u">print version, hardback, volume 2</subfield>
  </datafield>
  <datafield tag="020" ind1=" " ind2=" ">
    <subfield code="a">0521660009</subfield>
    <subfield code="u">print version, hardback, volume 3</subfield>
  </datafield>
  <datafield tag="020" ind1=" " ind2=" ">
    <subfield code="a">9781139644167</subfield>
    <subfield code="u">electronic version, v.1</subfield>
  </datafield>
  <datafield tag="020" ind1=" " ind2=" ">
    <subfield code="a">9781139644174</subfield>
    <subfield code="u">electronic version, v.2</subfield>
  </datafield>
  <datafield tag="020" ind1=" " ind2=" ">
    <subfield code="a">9781139644198</subfield>
    <subfield code="u">electronic version, v.3</subfield>
  </datafield>
  <datafield tag="024" ind1="7" ind2=" ">
    <subfield code="2">DOI</subfield>
    <subfield code="a">10.1017/CBO9781139644167</subfield>
    <subfield code="q">ebook (v.1)</subfield>
  </datafield>
  <datafield tag="024" ind1="7" ind2=" ">
    <subfield code="2">DOI</subfield>
    <subfield code="a">10.1017/CBO9781139644174</subfield>
    <subfield code="q">ebook (v.2)</subfield>
  </datafield>
  <datafield tag="024" ind1="7" ind2=" ">
    <subfield code="2">DOI</subfield>
    <subfield code="a">10.1017/CBO9781139644198</subfield>
    <subfield code="q">ebook (v.3)</subfield>
  </datafield>
  <datafield tag="035" ind1=" " ind2=" ">
    <subfield code="a">0203451CERCER</subfield>
  </datafield>
  <datafield tag="599" ind1=" " ind2=" ">
    <subfield code="a">19</subfield>
    <subfield code="b">14</subfield>
    <subfield code="c">4(set)</subfield>
  </datafield>
  <datafield tag="980" ind1=" " ind2=" ">
    <subfield code="a">BOOK</subfield>
  </datafield>
  <datafield tag="690" ind1="C" ind2=" ">
    <subfield code="a">BOOK</subfield>
  </datafield>
  <datafield tag="697" ind1="C" ind2=" ">
    <subfield code="a">BOOKSHOP</subfield>
  </datafield>
  <datafield tag="852" ind1=" " ind2=" ">
    <subfield code="c">CERN Central Library</subfield>
    <subfield code="h">530.145.2 WEI</subfield>
  </datafield>
  <datafield tag="852" ind1=" " ind2=" ">
    <subfield code="c">CERN Depot 1, bldg. 2 (DE1)</subfield>
    <subfield code="h">530.145.2 WEI</subfield>
  </datafield>
  <datafield tag="916" ind1=" " ind2=" ">
    <subfield code="e">CBO</subfield>
    <subfield code="s">r</subfield>
    <subfield code="w">200313</subfield>
  </datafield>
  <datafield tag="970" ind1=" " ind2=" ">
    <subfield code="a">000203451CER</subfield>
  </datafield>
  <datafield tag="520" ind1=" " ind2=" ">
    <subfield code="a">Comprehensive introduction to quantum field theory by Nobel Laureate Steven Weinberg, now available in paperback.</subfield>
  </datafield>
  <datafield tag="541" ind1=" " ind2=" ">
    <subfield code="9">105.00 (set)</subfield>
  </datafield>
  <datafield tag="595" ind1=" " ind2=" ">
    <subfield code="a">gift: Jacob, Maurice René Michel</subfield>
  </datafield>
  <datafield tag="595" ind1=" " ind2=" ">
    <subfield code="a">newqudc</subfield>
  </datafield>
  <datafield tag="595" ind1=" " ind2=" ">
    <subfield code="a">EBLlinkdeleted</subfield>
  </datafield>
  <datafield tag="595" ind1=" " ind2=" ">
    <subfield code="a">CBO201406</subfield>
  </datafield>
  <datafield tag="653" ind1="1" ind2=" ">
    <subfield code="9">CERN</subfield>
    <subfield code="a">quantum field theory</subfield>
  </datafield>
  <datafield tag="653" ind1="1" ind2=" ">
    <subfield code="9">CERN</subfield>
    <subfield code="a">quantum field theory, history</subfield>
  </datafield>
  <datafield tag="653" ind1="1" ind2=" ">
    <subfield code="9">CERN</subfield>
    <subfield code="a">textbook, university level</subfield>
  </datafield>
  <datafield tag="650" ind1="1" ind2="7">
    <subfield code="2">SzGeCERN</subfield>
    <subfield code="a">General Theoretical Physics</subfield>
  </datafield>
  <datafield tag="505" ind1=" " ind2=" ">
    <subfield code="t">Half Title; Title Page; Copyright; Contents; Preface to Volume II; Notation; 15 Non-Abelian Gauge Theories; 15.1 Gauge Invariance; 15.2 Gauge Theory Lagrangians and Simple Lie Groups; 15.3 Field Equations and Conservation Laws; 15.4 Quantization; 15.5 The De Witt-Faddeev-Popov Method; 15.6 Ghosts; 15.7 BRST Symmetry; 15.8 Generalizations of BRST Symmetry*; 15.9 The Batalin-Vilkovisky Formalism*; Appendix A A Theorem Regarding Lie Algebras; Appendix B The Cartan Catalog; Problems; References; 16External Field Methods; 16.1 The Quantum Effective Action</subfield>
  </datafield>
  <datafield tag="505" ind1=" " ind2=" ">
    <subfield code="t">16.2 Calculation of the Effective Potential16.3 Energy Interpretation; 16.4 Symmetries of the Effective Action; Problems; References; 17 Renormalization of Gauge Theories; 17.1 The Zinn-Justin Equation; 17.2 Renormalization: Direct Analysis; 17.3 Renormalization: General Gauge Theories*; 17.4 Background Field Gauge; 17.5 A One-Loop Calculation in Background Field Gauge; 18 Renormalization Group Methods; 18.1 Where do the Large Logarithms Come From?; 18.2 The Sliding Scale; 18.3 Varieties of Asymptotic Behavior; 18.4 Multiple Couplings and Mass Effects; 18.5 Critical Phenomena*</subfield>
  </datafield>
  <datafield tag="505" ind1=" " ind2=" ">
    <subfield code="t">18.6 Minimal Subtraction18.7 Quantum Chromodynamics; 18.8 Improved Perturbation Theory*; Problems; References; 19 Spontaneously Broken Global Symmetries; 19.1 Degenerate Vacua; 19.2 Goldstone Bosons; 19.3 Spontaneously Broken Approximate Symmetries; 19.4 Pions as Goldstone Bosons; 19.5 Effective Field Theories: Pions and Nucleons; 19.6 Effective Field Theories: General Broken Symmetries; 19.7 Effective Field Theories: S U(3) x S U(3); 19.8 Anomalous Terms in Effective Field Theories*; 19.9 Unbroken Symmetries; 19.10 The U(1) Problem; Problems; References; 20 Operator Product Expansions</subfield>
  </datafield>
  <datafield tag="505" ind1=" " ind2=" ">
    <subfield code="t">20.1 The Expansion: Description and Derivation20.2 Momentum Flow*; 20.3 Renormalization Group Equations for Coefficient Functions; 20.4 Symmetry Properties of Coefficient Functions; 20.5 Spectral Function Sum Rules; 20.6 Deep Inelastic Scattering; 20.7 Renormalons*; Appendix Momentum Flow: The General Case; Problems; References; 21 Spontaneously BrokenGauge Symmetries; 21.1 Unitarity Gauge; 21.2 Renormalizable ξ- Gauges; 21.3 The Electroweak Theory; 21.4 Dynamically Broken Local Symmetries*; 21.5 Electroweak-strong Unification; 21.6 Superconductivity*; Appendix General Unitarity Gauge</subfield>
  </datafield>
  <datafield tag="505" ind1=" " ind2=" ">
    <subfield code="t">ProblemsReferences; 22 Anomalies; 22.1 The π[sup(0)]Decay Problem; 22.2 Transformation of the Measure: The Abelian Anomaly; 22.3 Direct Calculation of Anomalies: The General Case; 22.4 Anomaly-Free Gauge Theories; 22.5 Massless Bound States*; 22.6 Consistency Conditions; 22.7 Anomalies and Goldstone Bosons; Problems; References; 23 Extended Field Configurations; 23.1 The Uses of Topology; 23.2 Homotopy Groups; 23.3 Monopoles; 23.4 The Cartan-Maurer Integral Invariant; 23.5 Instantons; 23.6 The Theta Angle; 23.7 Quantum Fluctuations around Extended Field Configurations; 23.8 Vacuum Decay</subfield>
  </datafield>
  <datafield tag="505" ind1=" " ind2=" ">
    <subfield code="t">Appendix A Euclidean Path Integrals</subfield>
  </datafield>
  <datafield tag="500" ind1=" " ind2=" ">
    <subfield code="a">Includes exercises</subfield>
  </datafield>
  <datafield tag="300" ind1=" " ind2=" ">
    <subfield code="a">3 v</subfield>
  </datafield>
  <datafield tag="340" ind1=" " ind2=" ">
    <subfield code="a">paper</subfield>
  </datafield>
  <datafield tag="340" ind1=" " ind2=" ">
    <subfield code="a">ebook</subfield>
  </datafield>
  <datafield tag="080" ind1=" " ind2=" ">
    <subfield code="a">530.145.2</subfield>
  </datafield>
  <datafield tag="080" ind1=" " ind2=" ">
    <subfield code="a">530.145.265</subfield>
  </datafield>
  <datafield tag="245" ind1=" " ind2=" ">
    <subfield code="a">The Quantum Theory of Fields</subfield>
  </datafield>
  <datafield tag="260" ind1=" " ind2=" ">
    <subfield code="a">Cambridge</subfield>
    <subfield code="b">Cambridge Univ. Press</subfield>
    <subfield code="c">1995-2000</subfield>
  </datafield>
  <datafield tag="100" ind1=" " ind2=" ">
    <subfield code="a">Weinberg, Steven</subfield>
  </datafield>
  <datafield tag="041" ind1=" " ind2=" ">
    <subfield code="a">eng</subfield>
  </datafield>
  <datafield tag="964" ind1=" " ind2=" ">
    <subfield code="a">0017</subfield>
  </datafield>
  <datafield tag="960" ind1=" " ind2=" ">
    <subfield code="a">21</subfield>
  </datafield>
  <datafield tag="961" ind1=" " ind2=" ">
    <subfield code="c">20091104</subfield>
    <subfield code="h">2204</subfield>
    <subfield code="l">CER01</subfield>
    <subfield code="x">19950614</subfield>
  </datafield>
  <datafield tag="963" ind1=" " ind2=" ">
    <subfield code="a">PUBLIC</subfield>
  </datafield>
  <datafield tag="246" ind1=" " ind2=" ">
    <subfield code="n">v.1</subfield>
    <subfield code="p">Foundations</subfield>
  </datafield>
  <datafield tag="246" ind1=" " ind2=" ">
    <subfield code="n">v.2</subfield>
    <subfield code="p">Modern Applications</subfield>
  </datafield>
  <datafield tag="246" ind1=" " ind2=" ">
    <subfield code="n">v.3</subfield>
    <subfield code="p">Supersymmetry</subfield>
  </datafield>
</record>