
<record>
  <controlfield tag="001">784713</controlfield>
  <controlfield tag="003">SzGeCERN</controlfield>
  <controlfield tag="005">20121219062229.0</controlfield>
  <datafield tag="041" ind1=" " ind2=" ">
    <subfield code="a">eng</subfield>
  </datafield>
  <datafield tag="100" ind1=" " ind2=" ">
    <subfield code="a">Lichtenberg, Don Bernett</subfield>
  </datafield>
  <datafield tag="245" ind1=" " ind2=" ">
    <subfield code="a">Developments in the Quark Theory of Hadrons</subfield>
  </datafield>
  <datafield tag="246" ind1=" " ind2=" ">
    <subfield code="n">v.1</subfield>
  </datafield>
  <datafield tag="260" ind1=" " ind2=" ">
    <subfield code="a">Nonantum, MA</subfield>
    <subfield code="b">Hadronic Press</subfield>
    <subfield code="c">1980</subfield>
  </datafield>
  <datafield tag="300" ind1=" " ind2=" ">
    <subfield code="a">mult. p</subfield>
  </datafield>
  <datafield tag="500" ind1=" " ind2=" ">
    <subfield code="a">Not held by the CERN library</subfield>
  </datafield>
  <datafield tag="650" ind1="1" ind2="7">
    <subfield code="2">SzGeCERN</subfield>
    <subfield code="a">Particle Physics</subfield>
  </datafield>
  <datafield tag="690" ind1="C" ind2=" ">
    <subfield code="a">BOOK</subfield>
  </datafield>
  <datafield tag="700" ind1=" " ind2=" ">
    <subfield code="a">Rosen, S P</subfield>
  </datafield>
  <datafield tag="856" ind1="4" ind2=" ">
    <subfield code="u">http://cds.cern.ch/search?ln=en&amp;sc=1&amp;p=962%3A002475019&amp;f=&amp;action_search=Search&amp;c=Articles+%26+Preprints&amp;c=Books+%26+Proceedings</subfield>
    <subfield code="y">Chapters in this volume</subfield>
  </datafield>
  <datafield tag="916" ind1=" " ind2=" ">
    <subfield code="s">h</subfield>
    <subfield code="w">200432</subfield>
  </datafield>
  <datafield tag="960" ind1=" " ind2=" ">
    <subfield code="a">21</subfield>
  </datafield>
  <datafield tag="961" ind1=" " ind2=" ">
    <subfield code="c">20080807</subfield>
    <subfield code="h">2002</subfield>
    <subfield code="l">CER01</subfield>
    <subfield code="x">20040803</subfield>
  </datafield>
  <datafield tag="963" ind1=" " ind2=" ">
    <subfield code="a">PUBLIC</subfield>
  </datafield>
  <datafield tag="970" ind1=" " ind2=" ">
    <subfield code="a">002475019CER</subfield>
  </datafield>
  <datafield tag="980" ind1=" " ind2=" ">
    <subfield code="a">BOOK</subfield>
  </datafield>
</record>