
<record>
  <controlfield tag="001">1038915</controlfield>
  <controlfield tag="005">20141215190251.0</controlfield>
  <datafield tag="599" ind1=" " ind2=" ">
    <subfield code="a">19</subfield>
    <subfield code="b">18</subfield>
    <subfield code="c">1 (pbk)</subfield>
  </datafield>
  <datafield tag="599" ind1=" " ind2=" ">
    <subfield code="a">20</subfield>
    <subfield code="b">15</subfield>
    <subfield code="c">5(hbk)</subfield>
  </datafield>
  <datafield tag="980" ind1=" " ind2=" ">
    <subfield code="a">BOOK</subfield>
  </datafield>
  <datafield tag="981" ind1=" " ind2=" ">
    <subfield code="a">000003006CER01</subfield>
  </datafield>
  <datafield tag="981" ind1=" " ind2=" ">
    <subfield code="a">000003008CER01</subfield>
  </datafield>
  <datafield tag="981" ind1=" " ind2=" ">
    <subfield code="a">000003009CER01</subfield>
  </datafield>
  <datafield tag="700" ind1=" " ind2=" ">
    <subfield code="a">Leighton, Robert Benjamin</subfield>
  </datafield>
  <datafield tag="700" ind1=" " ind2=" ">
    <subfield code="a">Sands, Matthew</subfield>
  </datafield>
  <datafield tag="690" ind1="C" ind2=" ">
    <subfield code="a">BOOK</subfield>
  </datafield>
  <datafield tag="970" ind1=" " ind2=" ">
    <subfield code="a">002697040CER</subfield>
  </datafield>
  <datafield tag="650" ind1="1" ind2="7">
    <subfield code="2">SzGeCERN</subfield>
    <subfield code="a">General Theoretical Physics</subfield>
  </datafield>
  <datafield tag="916" ind1=" " ind2=" ">
    <subfield code="s">h</subfield>
    <subfield code="w">200743</subfield>
  </datafield>
  <datafield tag="775" ind1=" " ind2=" ">
    <subfield code="b">New millennium ed.</subfield>
    <subfield code="c">2010</subfield>
    <subfield code="w">1494701</subfield>
  </datafield>
  <datafield tag="852" ind1=" " ind2=" ">
    <subfield code="c">CERN Central Library</subfield>
    <subfield code="h">53 FEY</subfield>
  </datafield>
  <datafield tag="852" ind1=" " ind2=" ">
    <subfield code="c">CERN Depot 1, bldg. 2 (DE1)</subfield>
    <subfield code="h">R 53 FEY</subfield>
  </datafield>
  <datafield tag="852" ind1=" " ind2=" ">
    <subfield code="c">CERN Depot 1, bldg. 2 (DE1)</subfield>
    <subfield code="h">53 FEY</subfield>
  </datafield>
  <datafield tag="852" ind1=" " ind2=" ">
    <subfield code="c">CERN Central Library</subfield>
    <subfield code="h">R 53 FEY</subfield>
  </datafield>
  <datafield tag="300" ind1=" " ind2=" ">
    <subfield code="a">3 v</subfield>
  </datafield>
  <datafield tag="340" ind1=" " ind2=" ">
    <subfield code="a">paper</subfield>
  </datafield>
  <datafield tag="595" ind1=" " ind2=" ">
    <subfield code="a">gift: Nierhaus, Rolf</subfield>
  </datafield>
  <datafield tag="595" ind1=" " ind2=" ">
    <subfield code="a">gift: Jones, Eifionydd</subfield>
  </datafield>
  <datafield tag="595" ind1=" " ind2=" ">
    <subfield code="a">gift: Skarek, Paul</subfield>
  </datafield>
  <datafield tag="595" ind1=" " ind2=" ">
    <subfield code="a">gift: Millich, Antonio</subfield>
  </datafield>
  <datafield tag="595" ind1=" " ind2=" ">
    <subfield code="a">gift: Blum, Walter</subfield>
  </datafield>
  <datafield tag="080" ind1=" " ind2=" ">
    <subfield code="a">53</subfield>
  </datafield>
  <datafield tag="245" ind1=" " ind2=" ">
    <subfield code="a">The Feynman lectures on physics</subfield>
  </datafield>
  <datafield tag="260" ind1=" " ind2=" ">
    <subfield code="a">Reading, MA</subfield>
    <subfield code="b">Addison-Wesley</subfield>
    <subfield code="c">1963-1965</subfield>
  </datafield>
  <datafield tag="020" ind1=" " ind2=" ">
    <subfield code="a">0805390464</subfield>
    <subfield code="u">print version, paperback, volume 1</subfield>
  </datafield>
  <datafield tag="020" ind1=" " ind2=" ">
    <subfield code="a">0805390472</subfield>
    <subfield code="u">print version, paperback, volume 2</subfield>
  </datafield>
  <datafield tag="020" ind1=" " ind2=" ">
    <subfield code="a">0805390499</subfield>
    <subfield code="u">print version, paperback, volume 3</subfield>
  </datafield>
  <datafield tag="020" ind1=" " ind2=" ">
    <subfield code="a">9780805390452</subfield>
    <subfield code="u">print version (hardback, set)</subfield>
  </datafield>
  <datafield tag="020" ind1=" " ind2=" ">
    <subfield code="a">9780201021158</subfield>
    <subfield code="u">print version (paperback, set)</subfield>
  </datafield>
  <datafield tag="020" ind1=" " ind2=" ">
    <subfield code="a">9780805390469</subfield>
    <subfield code="u">print version, paperback, volume 1</subfield>
  </datafield>
  <datafield tag="020" ind1=" " ind2=" ">
    <subfield code="a">9780805390476</subfield>
    <subfield code="u">print version, paperback, volume 2</subfield>
  </datafield>
  <datafield tag="020" ind1=" " ind2=" ">
    <subfield code="a">9780805390490</subfield>
    <subfield code="u">print version, paperback, volume 3</subfield>
  </datafield>
  <datafield tag="100" ind1=" " ind2=" ">
    <subfield code="a">Feynman, Richard Phillips</subfield>
  </datafield>
  <datafield tag="041" ind1=" " ind2=" ">
    <subfield code="a">eng</subfield>
  </datafield>
  <datafield tag="964" ind1=" " ind2=" ">
    <subfield code="a">0049</subfield>
  </datafield>
  <datafield tag="960" ind1=" " ind2=" ">
    <subfield code="a">21</subfield>
  </datafield>
  <datafield tag="961" ind1=" " ind2=" ">
    <subfield code="c">20091104</subfield>
    <subfield code="h">2201</subfield>
    <subfield code="l">CER01</subfield>
    <subfield code="x">20070618</subfield>
  </datafield>
  <datafield tag="963" ind1=" " ind2=" ">
    <subfield code="a">PUBLIC</subfield>
  </datafield>
  <datafield tag="246" ind1=" " ind2=" ">
    <subfield code="n">v.1</subfield>
    <subfield code="p">Mainly mechanics, radiation, and heat</subfield>
  </datafield>
  <datafield tag="246" ind1=" " ind2=" ">
    <subfield code="n">v.2</subfield>
    <subfield code="p">Mainly electromagnetism and matter</subfield>
  </datafield>
  <datafield tag="246" ind1=" " ind2=" ">
    <subfield code="n">v.3</subfield>
    <subfield code="p">Quantum mechanics</subfield>
  </datafield>
  <datafield tag="246" ind1=" " ind2=" ">
    <subfield code="n">Exercises v.1</subfield>
  </datafield>
  <datafield tag="246" ind1=" " ind2=" ">
    <subfield code="n">Exercises v.2</subfield>
  </datafield>
  <datafield tag="246" ind1=" " ind2=" ">
    <subfield code="n">Exercises v.3</subfield>
  </datafield>
</record>