
<record>
  <controlfield tag="001">1051091</controlfield>
  <controlfield tag="005">20130801110831.0</controlfield>
  <datafield tag="020" ind1=" " ind2=" ">
    <subfield code="a">0861768132</subfield>
    <subfield code="u">print version</subfield>
  </datafield>
  <datafield tag="020" ind1=" " ind2=" ">
    <subfield code="a">9780861768134</subfield>
    <subfield code="u">print version</subfield>
  </datafield>
  <datafield tag="020" ind1=" " ind2=" ">
    <subfield code="a">1845445120</subfield>
    <subfield code="u">electronic version</subfield>
  </datafield>
  <datafield tag="020" ind1=" " ind2=" ">
    <subfield code="a">9781845445126</subfield>
    <subfield code="u">electronic version</subfield>
  </datafield>
  <datafield tag="035" ind1=" " ind2=" ">
    <subfield code="9">EBL</subfield>
    <subfield code="a">232251</subfield>
  </datafield>
  <datafield tag="041" ind1=" " ind2=" ">
    <subfield code="a">eng</subfield>
  </datafield>
  <datafield tag="082" ind1=" " ind2=" ">
    <subfield code="a">629.892</subfield>
  </datafield>
  <datafield tag="100" ind1=" " ind2=" ">
    <subfield code="a">Buckingham, Rob</subfield>
  </datafield>
  <datafield tag="245" ind1=" " ind2=" ">
    <subfield code="a">Modular Robots + Synchronous Robots + Multi-arm Robots</subfield>
  </datafield>
  <datafield tag="260" ind1=" " ind2=" ">
    <subfield code="a">Bradford</subfield>
    <subfield code="b">Emerald</subfield>
    <subfield code="c">2003</subfield>
  </datafield>
  <datafield tag="300" ind1=" " ind2=" ">
    <subfield code="a">86 p</subfield>
  </datafield>
  <datafield tag="340" ind1=" " ind2=" ">
    <subfield code="a">eBook</subfield>
  </datafield>
  <datafield tag="595" ind1=" " ind2=" ">
    <subfield code="a">EBL2007</subfield>
  </datafield>
  <datafield tag="650" ind1="1" ind2="7">
    <subfield code="2">SzGeCERN</subfield>
    <subfield code="a">Engineering</subfield>
  </datafield>
  <datafield tag="653" ind1="1" ind2=" ">
    <subfield code="9">EBL</subfield>
    <subfield code="a">Robotics</subfield>
  </datafield>
  <datafield tag="690" ind1="C" ind2=" ">
    <subfield code="a">BOOK</subfield>
  </datafield>
  <datafield tag="856" ind1="4" ind2=" ">
    <subfield code="u">https://cds.cern.ch/auth.py?r=EBLIB_P_232251_0</subfield>
    <subfield code="y">ebook</subfield>
  </datafield>
  <datafield tag="916" ind1=" " ind2=" ">
    <subfield code="e">EBL</subfield>
    <subfield code="s">n</subfield>
    <subfield code="w">200760</subfield>
  </datafield>
  <datafield tag="960" ind1=" " ind2=" ">
    <subfield code="a">21</subfield>
  </datafield>
  <datafield tag="961" ind1=" " ind2=" ">
    <subfield code="c">20080510</subfield>
    <subfield code="h">0011</subfield>
    <subfield code="l">CER01</subfield>
    <subfield code="x">20070813</subfield>
  </datafield>
  <datafield tag="963" ind1=" " ind2=" ">
    <subfield code="a">PUBLIC</subfield>
  </datafield>
  <datafield tag="970" ind1=" " ind2=" ">
    <subfield code="a">002708411CER</subfield>
  </datafield>
  <datafield tag="980" ind1=" " ind2=" ">
    <subfield code="a">BOOK</subfield>
  </datafield>
</record>