
<record>
  <controlfield tag="001">425736</controlfield>
  <controlfield tag="003">SzGeCERN</controlfield>
  <controlfield tag="005">20150305101612.0</controlfield>
  <datafield tag="020" ind1=" " ind2=" ">
    <subfield code="a">9780738203058</subfield>
    <subfield code="u">print version, paperback (2000)</subfield>
  </datafield>
  <datafield tag="020" ind1=" " ind2=" ">
    <subfield code="a">073820305X</subfield>
    <subfield code="u">print version, paperback (2000)</subfield>
  </datafield>
  <datafield tag="020" ind1=" " ind2=" ">
    <subfield code="a">0201509350</subfield>
    <subfield code="u">print version, hardback (1990)</subfield>
  </datafield>
  <datafield tag="020" ind1=" " ind2=" ">
    <subfield code="a">9780201509359</subfield>
    <subfield code="u">print version, hardback (1990)</subfield>
  </datafield>
  <datafield tag="700" ind1=" " ind2=" ">
    <subfield code="a">Dawson, Sally</subfield>
  </datafield>
  <datafield tag="700" ind1=" " ind2=" ">
    <subfield code="a">Haber, Howard E</subfield>
  </datafield>
  <datafield tag="700" ind1=" " ind2=" ">
    <subfield code="a">Kane, Gordon L</subfield>
  </datafield>
  <datafield tag="773" ind1=" " ind2=" ">
    <subfield code="c">1-448</subfield>
    <subfield code="p">Front. Phys.</subfield>
    <subfield code="v">80</subfield>
    <subfield code="y">2000</subfield>
  </datafield>
  <datafield tag="775" ind1=" " ind2=" ">
    <subfield code="b">Errata</subfield>
    <subfield code="c">1993</subfield>
    <subfield code="w">559892</subfield>
  </datafield>
  <datafield tag="852" ind1=" " ind2=" ">
    <subfield code="c">CERN Central Library</subfield>
    <subfield code="h">539.126.9 GUN</subfield>
  </datafield>
  <datafield tag="852" ind1=" " ind2=" ">
    <subfield code="c">CERN Depot 1, bldg. 2 (DE1)</subfield>
    <subfield code="h">539.126.9 GUN</subfield>
  </datafield>
  <datafield tag="856" ind1="4" ind2=" ">
    <subfield code="u">https://cds.cern.ch/record/559892</subfield>
    <subfield code="y">Errata 1993</subfield>
  </datafield>
  <datafield tag="697" ind1="C" ind2=" ">
    <subfield code="a">BOOKSHOP</subfield>
  </datafield>
  <datafield tag="541" ind1=" " ind2=" ">
    <subfield code="9">60.00</subfield>
  </datafield>
  <datafield tag="595" ind1=" " ind2=" ">
    <subfield code="a">EBLlinkdeleted</subfield>
  </datafield>
  <datafield tag="595" ind1=" " ind2=" ">
    <subfield code="a">gift: Di Lella, Luigi</subfield>
  </datafield>
  <datafield tag="650" ind1="1" ind2="7">
    <subfield code="2">SzGeCERN</subfield>
    <subfield code="a">Particle Physics</subfield>
  </datafield>
  <datafield tag="653" ind1="1" ind2=" ">
    <subfield code="9">CERN</subfield>
    <subfield code="a">standard model</subfield>
  </datafield>
  <datafield tag="653" ind1="1" ind2=" ">
    <subfield code="9">CERN</subfield>
    <subfield code="a">Higgs boson</subfield>
  </datafield>
  <datafield tag="690" ind1="C" ind2=" ">
    <subfield code="a">BOOK</subfield>
  </datafield>
  <datafield tag="690" ind1="C" ind2=" ">
    <subfield code="a">REPORT</subfield>
  </datafield>
  <datafield tag="916" ind1=" " ind2=" ">
    <subfield code="s">r</subfield>
    <subfield code="w">200350</subfield>
  </datafield>
  <datafield tag="505" ind1=" " ind2=" ">
    <subfield code="t">Editor's Foreword; Preface; Errata for The Higgs Hunter's Guide; Table of Contents; 1. Introduction and Preliminaries; 1.1 The Higgs Mechanism; 1.2 Notation; 1.3 Theoretical Overview; 1.4 Higgs Search Overview; 1.5 The Relevance of the Top Quark Mass; 1.6 Post-Publication Update on Higgs Masses; References; 2. Properties of a Standard Model Higgs Boson; 2.1 Higgs Boson Couplings and Decays; 2.2 Low-Energy Theorems Involving Higgs Bosons; 2.3 Decays with a Higgs Boson in the Final State; 2.4 Radiative Corrections (and the ""Screening Theorem"")</subfield>
  </datafield>
  <datafield tag="505" ind1=" " ind2=" ">
    <subfield code="t">2.5 Higgs Mass Bounds: Vacuum Stability and Triviality2.6 Unitarity Constraints on the Higgs Sector; References; 3. How to Search for the Minimal Higgs Boson; 3.1 Very Light Higgs Bosons; 3.2 Liht Higgs Boson; 3.3 The Effective-W Approximation; 3.4 Intermediate Mass, Heavy, and Obese Higgs Bosons; References; 4. Beyond the Minimal Model: Two Higgs Doublets and the Minimal Supersymmetric Model; 4.1 Two-Higgs-Doublet Model - General Analysis; 4.2 The Minimal Supersymmetric Extension of the Standard Model (MSSM); 4.3 Tabular Comparison of e+e - and Hadron Colliders; Reference</subfield>
  </datafield>
  <datafield tag="505" ind1=" " ind2=" ">
    <subfield code="t">5. Beyond the Minimal Supersymmetric Model: Higgs Doublets and Singlets5.1 The Mixing Hierarchy Problem; 5.2 The Minimal Supersymmetric Model with Higgs Doublets and Singlets; 5.3 Superstring-Inspired Models Based on E6; References; 6. Other Approaches with Non-Minimal Higgs Sectors; 6.1 CP Violation and HIggs Bosons; 6.2 Axions and Majorons; 6.3 The H+W+X Vertex: A Signature of Exotic Higgs Representations; 6.4 A Model with Higgs Triplets; 6.5 Lef-Right Symmetric Models; References; 7. Alternatives to the Weakly-Coupled Higgs; 7.1 Technicolor; 7.2 Walking Technicolor</subfield>
  </datafield>
  <datafield tag="505" ind1=" " ind2=" ">
    <subfield code="t">7.3 Composite Higgs BosonsReferences; Appendix A Higgs Boson Feynman Rules in teh Minimal Supersymmetric Model; A.1 Feynman Rules with One Gauge Boson and Two Higgs Bosons; A.2 Feynman Rules with Two Gauge Bosons and One Higgs Boson; A.3 Feynman Rules with Two Gauge Bosons and Two Higgs Bosons; A.4 Cubic and Quartic Higgs Scalar Interactions; A.5 Higgs Couplings to Quark (or Lepton) Pairs; A.6 Faddeev-Popov Ghost Vertices; A.7 Higgs Couplings to Charginos and Neutralinos; A.8 Trilinear Higgs Couplings to Squark (or Slepton) Pairs; A.9 Quartic Higgs Coulings to Squark (or Slepton) Pairs</subfield>
  </datafield>
  <datafield tag="505" ind1=" " ind2=" ">
    <subfield code="t">ReferencesAppendix B Formulae for Higgs Boson Decay Widths for Two-Body Channels in the Minimal Supersymmetric Model; Appendix C Formulae for Neutral Higgs Boson Decays to yy and Zy in the Two-Doublet and the Minimal Supersymmetric Model; Index</subfield>
  </datafield>
  <datafield tag="520" ind1=" " ind2=" ">
    <subfield code="a">The Higgs Hunter's Guide is a definitive and comprehensive guide to the physics of Higgs bosons. In particular, it discusses the extended Higgs sectors required by those recent theoretical approaches that go beyond the Standard Model, including supersymmetry and superstring-inspired models.</subfield>
  </datafield>
  <datafield tag="340" ind1=" " ind2=" ">
    <subfield code="a">paper</subfield>
  </datafield>
  <datafield tag="500" ind1=" " ind2=" ">
    <subfield code="a">In the second printing (1990) by Perseus Books in the collection Frontiers in physics, no 80, a number of errors and omissions are corrected and the references at the end of each chapter are updated. A paperback reprint of the 1990 edition has been published in 2000.</subfield>
  </datafield>
  <datafield tag="080" ind1=" " ind2=" ">
    <subfield code="a">539.126.9</subfield>
  </datafield>
  <datafield tag="088" ind1=" " ind2=" ">
    <subfield code="a">BNL-41644</subfield>
  </datafield>
  <datafield tag="088" ind1=" " ind2=" ">
    <subfield code="a">SCIPP-89-13</subfield>
  </datafield>
  <datafield tag="088" ind1=" " ind2=" ">
    <subfield code="a">UCD-89-4</subfield>
  </datafield>
  <datafield tag="245" ind1=" " ind2=" ">
    <subfield code="a">The Higgs hunter's guide</subfield>
  </datafield>
  <datafield tag="260" ind1=" " ind2=" ">
    <subfield code="a">Upton, NY</subfield>
    <subfield code="b">Brookhaven Nat. Lab.</subfield>
    <subfield code="c">1989</subfield>
  </datafield>
  <datafield tag="300" ind1=" " ind2=" ">
    <subfield code="a">404 p</subfield>
  </datafield>
  <datafield tag="035" ind1=" " ind2=" ">
    <subfield code="9">CERCER</subfield>
    <subfield code="a">2174859</subfield>
  </datafield>
  <datafield tag="035" ind1=" " ind2=" ">
    <subfield code="9">Inspire</subfield>
    <subfield code="a">279039</subfield>
  </datafield>
  <datafield tag="100" ind1=" " ind2=" ">
    <subfield code="a">Gunion, John F</subfield>
  </datafield>
  <datafield tag="041" ind1=" " ind2=" ">
    <subfield code="a">eng</subfield>
  </datafield>
  <datafield tag="964" ind1=" " ind2=" ">
    <subfield code="a">0005</subfield>
  </datafield>
  <datafield tag="970" ind1=" " ind2=" ">
    <subfield code="a">000245390CER</subfield>
  </datafield>
  <datafield tag="970" ind1=" " ind2=" ">
    <subfield code="a">002174859CER</subfield>
  </datafield>
  <datafield tag="980" ind1=" " ind2=" ">
    <subfield code="a">BOOK</subfield>
  </datafield>
  <datafield tag="980" ind1=" " ind2=" ">
    <subfield code="b">REPORT</subfield>
  </datafield>
  <datafield tag="981" ind1=" " ind2=" ">
    <subfield code="a">322177</subfield>
  </datafield>
  <datafield tag="960" ind1=" " ind2=" ">
    <subfield code="a">21</subfield>
  </datafield>
  <datafield tag="961" ind1=" " ind2=" ">
    <subfield code="c">20070811</subfield>
    <subfield code="h">0117</subfield>
    <subfield code="l">CER01</subfield>
    <subfield code="x">20000208</subfield>
  </datafield>
  <datafield tag="963" ind1=" " ind2=" ">
    <subfield code="a">PUBLIC</subfield>
  </datafield>
</record>