
<record>
  <controlfield tag="001">1507184</controlfield>
  <controlfield tag="003">SzGeCERN</controlfield>
  <controlfield tag="005">20150527143728.0</controlfield>
  <datafield tag="020" ind1=" " ind2=" ">
    <subfield code="a">9781466513174</subfield>
    <subfield code="u">print version, hardback (set)</subfield>
  </datafield>
  <datafield tag="020" ind1=" " ind2=" ">
    <subfield code="a">1466513179</subfield>
    <subfield code="u">print version, hardback (set)</subfield>
  </datafield>
  <datafield tag="020" ind1=" " ind2=" ">
    <subfield code="a">9781466512993</subfield>
    <subfield code="u">print version, hardback (v. 1)</subfield>
  </datafield>
  <datafield tag="020" ind1=" " ind2=" ">
    <subfield code="a">9781466513075</subfield>
    <subfield code="u">print version, hardback (v. 2)</subfield>
  </datafield>
  <datafield tag="020" ind1=" " ind2=" ">
    <subfield code="a">9781466513020</subfield>
    <subfield code="c">110.93 (NL),92.44 (3U)</subfield>
    <subfield code="u">electronic version</subfield>
  </datafield>
  <datafield tag="020" ind1=" " ind2=" ">
    <subfield code="a">9781466513105</subfield>
    <subfield code="c">110.93 (NL),92.44 (3U)</subfield>
    <subfield code="u">electronic version</subfield>
  </datafield>
  <datafield tag="035" ind1=" " ind2=" ">
    <subfield code="9">EBL</subfield>
    <subfield code="a">1566004</subfield>
  </datafield>
  <datafield tag="035" ind1=" " ind2=" ">
    <subfield code="9">EBL</subfield>
    <subfield code="a">1566008</subfield>
  </datafield>
  <datafield tag="041" ind1=" " ind2=" ">
    <subfield code="a">eng</subfield>
  </datafield>
  <datafield tag="080" ind1=" " ind2=" ">
    <subfield code="a">530.24</subfield>
  </datafield>
  <datafield tag="100" ind1=" " ind2=" ">
    <subfield code="a">Aitchison, Ian J R</subfield>
  </datafield>
  <datafield tag="245" ind1=" " ind2=" ">
    <subfield code="a">Gauge theories in particle physics</subfield>
    <subfield code="b">a practical introduction</subfield>
  </datafield>
  <datafield tag="246" ind1=" " ind2=" ">
    <subfield code="n">v. 1</subfield>
    <subfield code="p">From relativistic quantum mechanics to QED</subfield>
  </datafield>
  <datafield tag="246" ind1=" " ind2=" ">
    <subfield code="n">v. 2</subfield>
    <subfield code="p">Non-Abelian gauge theories : QCD and the electroweak theory</subfield>
  </datafield>
  <datafield tag="250" ind1=" " ind2=" ">
    <subfield code="a">4th ed.</subfield>
  </datafield>
  <datafield tag="260" ind1=" " ind2=" ">
    <subfield code="a">Boca Raton, FL</subfield>
    <subfield code="b">CRC Press</subfield>
    <subfield code="c">2013</subfield>
  </datafield>
  <datafield tag="300" ind1=" " ind2=" ">
    <subfield code="a">2 v</subfield>
  </datafield>
  <datafield tag="340" ind1=" " ind2=" ">
    <subfield code="a">paper</subfield>
  </datafield>
  <datafield tag="340" ind1=" " ind2=" ">
    <subfield code="a">ebook</subfield>
  </datafield>
  <datafield tag="505" ind1=" " ind2=" ">
    <subfield code="t">Front Cover; Dedication; Contents; Preface; I. Introductory Survey, Electromagnetism as a Gauge Theory, and Relativistic Quantum Mechanics; 1. The Particles and Forces of the Standard Model; 2. Electromagnetism as a Gauge Theory; 3. Relativistic Quantum Mechanics; 4. Lorentz Transformations and Discrete Symmetries; II. Introduction to Quantum Field Theory; 5. Quantum Field Theory I: The Free Scalar Field; 6. Quantum Field Theory II: Interacting Scalar Fields; 7. Quantum Field Theory III: Complex Scalar Fields, Dirac and Maxwell Fields;  Introduction of Electromagnetic Interactions</subfield>
  </datafield>
  <datafield tag="505" ind1=" " ind2=" ">
    <subfield code="t">III. Tree-Level Applications in QED8. Elementary Processes in Scalar and Spinor Electrodynamics; 9. Deep Inelastic Electron-Nucleon Scattering and the Parton Model; IV. Loops and Renormalization; 10. Loops and Renormalization I: The ABC Theory; 11. Loops and Renormalization II: QED; A. Non-relativistic Quantum Mechanics; B. Natural Units; C. Maxwell's Equations: Choice of Units; D. Special Relativity: Invariance and Covariance; E. Dirac d-Function; F. Contour Integration; G. Green Functions; H. Elements of Non-relativistic Scattering Theory; I. The Schrödinger and Heisenberg Pictures</subfield>
  </datafield>
  <datafield tag="505" ind1=" " ind2=" ">
    <subfield code="t">J. Dirac Algebra and Trace IdentitiesK. Example of a Cross Section Calculation; L. Feynman Rules for Tree Graphs in QED; References</subfield>
  </datafield>
  <datafield tag="505" ind1=" " ind2=" ">
    <subfield code="t">Front Cover; Dedication; Contents; Preface; V. Non-Abelian Symmetries; 12. Global Non-Abelian Symmetries; 13. Local Non-Abelian (Gauge) Symmetries; VI. QCD and the Renormalization Group; 14. QCD I: Introduction, Tree Graph Predictions, and Jets; 15. QCD II: Asymptotic Freedom, the Renormalization Group, and Scaling Violations; 16. Lattice Field Theory, and the Renormalization Group Revisited; VII. Spontaneously Broken Symmetry; 17. Spontaneously Broken Global Symmetry; 18. Chiral Symmetry Breaking; 19. Spontaneously Broken Local Symmetry; VIII: Weak Interactions and the Electroweak Theory</subfield>
  </datafield>
  <datafield tag="505" ind1=" " ind2=" ">
    <subfield code="t">20. Introduction to the Phenomenology of Weak Interactions21. CP Violation and Oscillation Phenomena; 22. The Glashow-Salam-Weinberg Gauge Theory of Electroweak Interactions; M. Group Theory; N. Geometrical Aspects of Gauge Fields; O. Dimensional Regularization; P. Grassmann Variables; Q. Feynman Rules for Tree Graphs in QCD and the Electroweak Theory; References</subfield>
  </datafield>
  <datafield tag="520" ind1=" " ind2=" ">
    <subfield code="a">The fourth edition of this well-established, highly regarded two-volume set continues to provide a fundamental introduction to advanced particle physics while incorporating substantial new experimental results, especially in the areas of CP violation and neutrino oscillations. It offers an accessible and practical introduction to the three gauge theories included in the Standard Model of particle physics: quantum electrodynamics (QED), quantum chromodynamics (QCD), and the Glashow-Salam-Weinberg (GSW) electroweak theory. In the first volume, a new chapter on Lorentz transformations and discrete symmetries presents a simple treatment of Lorentz transformations of Dirac spinors. Along with updating experimental results, this edition also introduces Majorana fermions at an early stage, making the material suitable for a first course in relativistic quantum mechanics. Covering much of the experimental progress made in the last ten years, the second volume remains focused on the two non-Abelian quantum gauge field theories of the Standard Model: QCD and the GSW electroweak theory. A new chapter on CP violation and oscillation phenomena describes CP violation in B-meson decays as well as the main experiments that have led to our current knowledge of mass-squared differences and mixing angles for neutrinos. Exploring a new era in particle physics, this edition discusses the exciting discovery of a boson with properties consistent with those of the Standard Model Higgs boson. It also updates many other topics, including jet algorithms, lattice QCD, effective Lagrangians, and three-generation quark mixing and the CKM matrix. This revised and updated edition provides a self-contained pedagogical treatment of the subject, from relativistic quantum mechanics to the frontiers of the Standard Model. For each theory, the authors discuss the main conceptual points, detail many practical calculations of physical quantities from first principles, and compare these quantitative predictions with experimental results, helping readers improve both their calculation skills and physical insight.</subfield>
  </datafield>
  <datafield tag="520" ind1=" " ind2=" ">
    <subfield code="a">INTRODUCTORY SURVEY, ELECTROMAGNETISM AS A GAUGE THEORY, AND RELATIVISTIC QUANTUM MECHANICSThe Particles and Forces of in the Standard ModelElectromagnetism as a Gauge TheoryRelativistic Quantum MechanicsLorentz Transformations and Discrete SymmetriesINTRODUCTION TO QUANTUM FIELD THEORYQuantum Field Theory I: The Free Scalar FieldQuantum Field Theory II: Interacting Scalar FieldsQuantum Field Theory III: Complex Scalar Fields, Dirac and Maxwell Fields; Introduction of Electromagnetic InteractionsTREE-LEVEL APPLICATIONS IN QEDElementary Processes in Scalar and Spinor ElectrodynamicsDeep Inelast</subfield>
  </datafield>
  <datafield tag="520" ind1=" " ind2=" ">
    <subfield code="a">NON-ABELIAN SYMMETRIES Global Non-Abelian Symmetries Local Non-Abelian (Gauge) SymmetriesQCD AND THE RENORMALIZATION GROUP QCD I: Introduction, Tree-Graph Predictions, and JetsQCD II: Asymptotic Freedom, the Renormalization Group, and Scaling ViolationsLattice Field Theory and the Renormalization Group RevisitedSPONTANEOUSLY BROKEN SYMMETRYSpontaneously Broken Global Symmetry Chiral Symmetry BreakingSpontaneously Broken Local SymmetryWEAK INTERACTIONS AND THE ELECTROWEAK THEORYIntroduction to the Phenomenology of Weak InteractionsCP Violation and Oscillation PhenomenaThe Glashow-Salam-Weinberg</subfield>
  </datafield>
  <datafield tag="541" ind1=" " ind2=" ">
    <subfield code="9">120.00 (set)</subfield>
  </datafield>
  <datafield tag="595" ind1=" " ind2=" ">
    <subfield code="a">EBL201505</subfield>
  </datafield>
  <datafield tag="650" ind1="1" ind2="7">
    <subfield code="2">SzGeCERN</subfield>
    <subfield code="a">Particle Physics - Theory</subfield>
  </datafield>
  <datafield tag="653" ind1="1" ind2=" ">
    <subfield code="9">CERN</subfield>
    <subfield code="a">gauge fields</subfield>
  </datafield>
  <datafield tag="653" ind1="1" ind2=" ">
    <subfield code="9">CERN</subfield>
    <subfield code="a">particles</subfield>
  </datafield>
  <datafield tag="653" ind1="1" ind2=" ">
    <subfield code="9">CERN</subfield>
    <subfield code="a">weak interactions</subfield>
  </datafield>
  <datafield tag="653" ind1="1" ind2=" ">
    <subfield code="9">CERN</subfield>
    <subfield code="a">Feynman diagrams</subfield>
  </datafield>
  <datafield tag="690" ind1="C" ind2=" ">
    <subfield code="a">BOOK</subfield>
  </datafield>
  <datafield tag="697" ind1="C" ind2=" ">
    <subfield code="a">BOOKSHOP</subfield>
  </datafield>
  <datafield tag="700" ind1=" " ind2=" ">
    <subfield code="a">Hey, Anthony J G</subfield>
  </datafield>
  <datafield tag="775" ind1=" " ind2=" ">
    <subfield code="b">3rd ed. (v. 1)</subfield>
    <subfield code="c">2004</subfield>
    <subfield code="w">592028</subfield>
  </datafield>
  <datafield tag="775" ind1=" " ind2=" ">
    <subfield code="b">3rd ed. (v. 2)</subfield>
    <subfield code="c">2004</subfield>
    <subfield code="w">680428</subfield>
  </datafield>
  <datafield tag="775" ind1=" " ind2=" ">
    <subfield code="b">2nd ed.</subfield>
    <subfield code="c">1989</subfield>
    <subfield code="w">113381</subfield>
  </datafield>
  <datafield tag="775" ind1=" " ind2=" ">
    <subfield code="b">1st ed.</subfield>
    <subfield code="c">1982</subfield>
    <subfield code="w">99502</subfield>
  </datafield>
  <datafield tag="852" ind1=" " ind2=" ">
    <subfield code="c">CERN Depot 1, bldg. 2 (DE1)</subfield>
    <subfield code="h">530.24 AIT</subfield>
  </datafield>
  <datafield tag="852" ind1=" " ind2=" ">
    <subfield code="c">CERN Central Library</subfield>
    <subfield code="h">530.24 AIT</subfield>
  </datafield>
  <datafield tag="856" ind1="4" ind2=" ">
    <subfield code="u">https://cds.cern.ch/auth.py?r=EBLIB_P_1566004</subfield>
    <subfield code="y">ebook</subfield>
  </datafield>
  <datafield tag="856" ind1="4" ind2=" ">
    <subfield code="u">https://cds.cern.ch/auth.py?r=EBLIB_P_1566008</subfield>
    <subfield code="y">ebook</subfield>
  </datafield>
  <datafield tag="916" ind1=" " ind2=" ">
    <subfield code="d">201302</subfield>
    <subfield code="s">h</subfield>
    <subfield code="w">201303</subfield>
  </datafield>
  <datafield tag="960" ind1=" " ind2=" ">
    <subfield code="a">21</subfield>
  </datafield>
  <datafield tag="980" ind1=" " ind2=" ">
    <subfield code="a">BOOK</subfield>
  </datafield>
</record>