
<record>
  <controlfield tag="001">1165551</controlfield>
  <controlfield tag="003">SzGeCERN</controlfield>
  <controlfield tag="005">20141215195209.0</controlfield>
  <datafield tag="595" ind1=" " ind2=" ">
    <subfield code="a">ILL: 16120</subfield>
  </datafield>
  <datafield tag="595" ind1=" " ind2=" ">
    <subfield code="a">BookUnit:order via BS</subfield>
  </datafield>
  <datafield tag="595" ind1=" " ind2=" ">
    <subfield code="a">EBL201310</subfield>
  </datafield>
  <datafield tag="599" ind1=" " ind2=" ">
    <subfield code="a">26</subfield>
    <subfield code="b">20</subfield>
    <subfield code="c">6</subfield>
  </datafield>
  <datafield tag="980" ind1=" " ind2=" ">
    <subfield code="a">BOOK</subfield>
  </datafield>
  <datafield tag="700" ind1=" " ind2=" ">
    <subfield code="a">Shaw, G</subfield>
  </datafield>
  <datafield tag="250" ind1=" " ind2=" ">
    <subfield code="a">3rd ed.</subfield>
  </datafield>
  <datafield tag="490" ind1=" " ind2=" ">
    <subfield code="a">The Manchester Physics Series</subfield>
  </datafield>
  <datafield tag="505" ind1=" " ind2=" ">
    <subfield code="t">Suggested Short Course; Particle Physics; Contents; Editors' Preface to the Manchester Physics Series; Authors' Preface; Notes; 1 SOME BASIC CONCEPTS; 1.1 Introduction; 1.2 Antiparticles; 1.2.1 Relativistic wave equations; 1.2.2 Hole theory and the positron; 1.3 Interactions and Feynman Diagrams; 1.3.1 Basic electromagnetic processes; 1.3.2 Real processes; 1.3.3 Electron-positron pair production and annihilation; 1.3.4 Other processes; 1.4 Particle Exchange; 1.4.1 Range of forces; 1.4.2 The Yukawa potential; 1.4.3 The zero-range approximation; 1.5 Units and Dimensions; PROBLEMS 1</subfield>
  </datafield>
  <datafield tag="505" ind1=" " ind2=" ">
    <subfield code="t">2 LEPTONS AND THE WEAK INTERACTION2.1 Lepton Multiplets and Lepton Numbers; 2.1.1 Electron neutrinos; 2.1.2 Further generations; 2.2 Leptonic Weak Interactions; 2.2.1 W± and Z0 exchange; 2.2.2 Lepton decays and universality; 2.3 Neutrino Masses and Neutrino Mixing; 2.3.1 Neutrino mixing; 2.3.2 Neutrino oscillations; 2.3.3 Neutrino masses; 2.3.4 Lepton numbers revisited; PROBLEMS 2; 3 QUARKS AND HADRONS; 3.1 Quarks; 3.2 General Properties of Hadrons; 3.3 Pions and Nucleons; 3.4 Strange Particles, Charm and Bottom; 3.5 Short-Lived Hadrons; 3.6 Allowed Quantum Numbers and Exotics; PROBLEMS 3</subfield>
  </datafield>
  <datafield tag="505" ind1=" " ind2=" ">
    <subfield code="t">4 EXPERIMENTAL METHODS4.1 Overview; 4.2 Accelerators and Beams; 4.2.1 Linear accelerators; 4.2.2 Cyclic accelerators; 4.2.3 Fixed-target machines and colliders; 4.2.4 Neutral and unstable particle beams; 4.3 Particle Interactions with Matter; 4.3.1 Short-range interactions with nuclei; 4.3.2 Ionization energy losses; 4.3.3 Radiation energy losses; 4.3.4 Interactions of photons in matter; 4.3.5 Ranges and interaction lengths; 4.4 Particle Detectors; 4.4.1 Introduction; 4.4.2 Gas detectors; 4.4.3 Semiconductor detectors; 4.4.4 Scintillation counters; 4.4.5 Čerenkov counters; 4.4.6 Calorimeters</subfield>
  </datafield>
  <datafield tag="505" ind1=" " ind2=" ">
    <subfield code="t">4.5 Detector Systems and Experiments4.5.1 Discovery of the W± and Z0 bosons; 4.5.2 Some modern detector systems; PROBLEMS 4; 5 SPACE-TIME SYMMETRIES; 5.1 Translational Invariance; 5.2 Rotational Invariance; 5.2.1 Angular momentum conservation; 5.2.2 Classification of particles; 5.2.3 Angular momentum in the quark model; 5.3 Parity; 5.3.1 Leptons and antileptons; 5.3.2 Quarks and hadrons; 5.3.3 Parity of the charged pion; 5.3.4 Parity of the photon; 5.4 Charge Conjugation; 5.4.1 π0 and η decays; 5.5 Positronium; 5.5.1 Fine structure; 5.5.2 C-parity and annihilations</subfield>
  </datafield>
  <datafield tag="505" ind1=" " ind2=" ">
    <subfield code="t">5.6 Time Reversal5.6.1 Principle of detailed balance; 5.6.2 Spin of the charged pion; PROBLEMS 5; 6 THE QUARK MODEL; 6.1 Isospin Symmetry; 6.1.1 Isospin quantum numbers; 6.1.2 Allowed quantum numbers; 6.1.3 An example: the sigma () baryons; 6.1.4 The u, d quark mass splitting; 6.2 The Lightest Hadrons; 6.2.1 The light mesons; 6.2.2 The light baryons; 6.2.3 Baryon mass splittings; 6.2.4 Baryon magnetic moments; 6.3 Colour; 6.3.1 Colour charges and confinement; 6.3.2 Colour wavefunctions and the Pauli principle; 6.4 Charmonium and Bottomium</subfield>
  </datafield>
  <datafield tag="505" ind1=" " ind2=" ">
    <subfield code="t">6.4.1 Charmonium</subfield>
  </datafield>
  <datafield tag="520" ind1=" " ind2=" ">
    <subfield code="a">An essential introduction to particle physics, with coverage ranging from the basics through to the very latest developments, in an accessible and carefully structured text. Particle Physics: Third Edition is a revision of a highly regarded introduction to particle physics. In its two previous editions this book has proved to be an accessible and balanced introduction to modern particle physics, suitable for those students needed a more comprehensive introduction to the subject than provided by the 'compendium' style physics books. In the Third Edition the standard mod</subfield>
  </datafield>
  <datafield tag="690" ind1="C" ind2=" ">
    <subfield code="a">BOOK</subfield>
  </datafield>
  <datafield tag="697" ind1="C" ind2=" ">
    <subfield code="a">BOOKSHOP</subfield>
  </datafield>
  <datafield tag="970" ind1=" " ind2=" ">
    <subfield code="a">002807241CER</subfield>
  </datafield>
  <datafield tag="541" ind1=" " ind2=" ">
    <subfield code="9">50.00</subfield>
    <subfield code="h">50</subfield>
  </datafield>
  <datafield tag="653" ind1="1" ind2=" ">
    <subfield code="9">CERN</subfield>
    <subfield code="a">particle physics</subfield>
  </datafield>
  <datafield tag="653" ind1="1" ind2=" ">
    <subfield code="9">CERN</subfield>
    <subfield code="a">textbook, university level</subfield>
  </datafield>
  <datafield tag="653" ind1="1" ind2=" ">
    <subfield code="9">CERN</subfield>
    <subfield code="a">lepton</subfield>
  </datafield>
  <datafield tag="653" ind1="1" ind2=" ">
    <subfield code="9">CERN</subfield>
    <subfield code="a">quarks</subfield>
  </datafield>
  <datafield tag="653" ind1="1" ind2=" ">
    <subfield code="9">CERN</subfield>
    <subfield code="a">hadrons</subfield>
  </datafield>
  <datafield tag="653" ind1="1" ind2=" ">
    <subfield code="9">CERN</subfield>
    <subfield code="a">experimental methods</subfield>
  </datafield>
  <datafield tag="653" ind1="1" ind2=" ">
    <subfield code="9">CERN</subfield>
    <subfield code="a">space-time symmetries</subfield>
  </datafield>
  <datafield tag="653" ind1="1" ind2=" ">
    <subfield code="9">CERN</subfield>
    <subfield code="a">QCD</subfield>
  </datafield>
  <datafield tag="653" ind1="1" ind2=" ">
    <subfield code="9">CERN</subfield>
    <subfield code="a">jets</subfield>
  </datafield>
  <datafield tag="653" ind1="1" ind2=" ">
    <subfield code="9">CERN</subfield>
    <subfield code="a">gluons</subfield>
  </datafield>
  <datafield tag="650" ind1="1" ind2="7">
    <subfield code="2">SzGeCERN</subfield>
    <subfield code="a">Particle Physics - Theory</subfield>
  </datafield>
  <datafield tag="916" ind1=" " ind2=" ">
    <subfield code="s">p</subfield>
    <subfield code="w">201016</subfield>
  </datafield>
  <datafield tag="775" ind1=" " ind2=" ">
    <subfield code="b">2nd ed.</subfield>
    <subfield code="c">1997</subfield>
    <subfield code="w">348205</subfield>
  </datafield>
  <datafield tag="852" ind1=" " ind2=" ">
    <subfield code="c">CERN Central Library</subfield>
    <subfield code="h">539.12 MAR</subfield>
  </datafield>
  <datafield tag="856" ind1="4" ind2=" ">
    <subfield code="u">https://cdsweb.cern.ch/auth.py?r=EBLIB_P_406509</subfield>
    <subfield code="y">ebook</subfield>
  </datafield>
  <datafield tag="583" ind1=" " ind2=" ">
    <subfield code="c">23-Jun-09</subfield>
  </datafield>
  <datafield tag="300" ind1=" " ind2=" ">
    <subfield code="a">442 p</subfield>
  </datafield>
  <datafield tag="340" ind1=" " ind2=" ">
    <subfield code="a">paper</subfield>
  </datafield>
  <datafield tag="340" ind1=" " ind2=" ">
    <subfield code="a">ebook</subfield>
  </datafield>
  <datafield tag="080" ind1=" " ind2=" ">
    <subfield code="a">539.12</subfield>
  </datafield>
  <datafield tag="245" ind1=" " ind2=" ">
    <subfield code="a">Particle Physics</subfield>
  </datafield>
  <datafield tag="260" ind1=" " ind2=" ">
    <subfield code="a">New York, NY</subfield>
    <subfield code="b">Wiley</subfield>
    <subfield code="c">2008</subfield>
  </datafield>
  <datafield tag="020" ind1=" " ind2=" ">
    <subfield code="a">9780470032947</subfield>
    <subfield code="u">print version, paperback</subfield>
  </datafield>
  <datafield tag="020" ind1=" " ind2=" ">
    <subfield code="a">9780470721537</subfield>
    <subfield code="c">70 (NL)</subfield>
    <subfield code="u">electronic version</subfield>
  </datafield>
  <datafield tag="035" ind1=" " ind2=" ">
    <subfield code="9">EBL</subfield>
    <subfield code="a">406509</subfield>
  </datafield>
  <datafield tag="100" ind1=" " ind2=" ">
    <subfield code="a">Martin, B R</subfield>
  </datafield>
  <datafield tag="041" ind1=" " ind2=" ">
    <subfield code="a">eng</subfield>
  </datafield>
  <datafield tag="964" ind1=" " ind2=" ">
    <subfield code="a">0007</subfield>
  </datafield>
  <datafield tag="960" ind1=" " ind2=" ">
    <subfield code="a">21</subfield>
  </datafield>
  <datafield tag="961" ind1=" " ind2=" ">
    <subfield code="c">20110216</subfield>
    <subfield code="h">0829</subfield>
    <subfield code="l">CER01</subfield>
    <subfield code="x">20090306</subfield>
  </datafield>
  <datafield tag="963" ind1=" " ind2=" ">
    <subfield code="a">PUBLIC</subfield>
  </datafield>
</record>