
<record>
  <controlfield tag="001">680428</controlfield>
  <controlfield tag="005">20150603193932.0</controlfield>
  <datafield tag="595" ind1=" " ind2=" ">
    <subfield code="a">TAF201202</subfield>
  </datafield>
  <datafield tag="599" ind1=" " ind2=" ">
    <subfield code="a">16</subfield>
    <subfield code="b">11</subfield>
    <subfield code="c">5</subfield>
  </datafield>
  <datafield tag="980" ind1=" " ind2=" ">
    <subfield code="a">BOOK</subfield>
  </datafield>
  <datafield tag="700" ind1=" " ind2=" ">
    <subfield code="a">Hey, Anthony J G</subfield>
  </datafield>
  <datafield tag="250" ind1=" " ind2=" ">
    <subfield code="a">3rd ed.</subfield>
  </datafield>
  <datafield tag="490" ind1=" " ind2=" ">
    <subfield code="a">Graduate student series in physics</subfield>
  </datafield>
  <datafield tag="690" ind1="C" ind2=" ">
    <subfield code="a">BOOK</subfield>
  </datafield>
  <datafield tag="970" ind1=" " ind2=" ">
    <subfield code="a">002407023CER</subfield>
  </datafield>
  <datafield tag="653" ind1="1" ind2=" ">
    <subfield code="9">CERN</subfield>
    <subfield code="a">quantum chromodynamics</subfield>
  </datafield>
  <datafield tag="653" ind1="1" ind2=" ">
    <subfield code="9">CERN</subfield>
    <subfield code="a">symmetry breaking</subfield>
  </datafield>
  <datafield tag="653" ind1="1" ind2=" ">
    <subfield code="9">CERN</subfield>
    <subfield code="a">weak interactions</subfield>
  </datafield>
  <datafield tag="650" ind1="1" ind2="7">
    <subfield code="2">SzGeCERN</subfield>
    <subfield code="a">Particle Physics - Theory</subfield>
  </datafield>
  <datafield tag="916" ind1=" " ind2=" ">
    <subfield code="d">200401</subfield>
    <subfield code="e">TAF</subfield>
    <subfield code="s">h</subfield>
    <subfield code="w">200426</subfield>
  </datafield>
  <datafield tag="775" ind1=" " ind2=" ">
    <subfield code="b">2nd ed.</subfield>
    <subfield code="c">1989</subfield>
    <subfield code="w">113381</subfield>
  </datafield>
  <datafield tag="775" ind1=" " ind2=" ">
    <subfield code="b">1st ed.</subfield>
    <subfield code="c">1982</subfield>
    <subfield code="w">99502</subfield>
  </datafield>
  <datafield tag="775" ind1=" " ind2=" ">
    <subfield code="b">4th ed.</subfield>
    <subfield code="c">2012</subfield>
    <subfield code="w">1507184</subfield>
  </datafield>
  <datafield tag="852" ind1=" " ind2=" ">
    <subfield code="c">CERN Depot 1, bldg. 2 (DE1)</subfield>
    <subfield code="h">530.24 AIT</subfield>
  </datafield>
  <datafield tag="583" ind1=" " ind2=" ">
    <subfield code="c">2007-07-05</subfield>
  </datafield>
  <datafield tag="300" ind1=" " ind2=" ">
    <subfield code="a">454 p</subfield>
  </datafield>
  <datafield tag="340" ind1=" " ind2=" ">
    <subfield code="a">paper</subfield>
  </datafield>
  <datafield tag="340" ind1=" " ind2=" ">
    <subfield code="a">ebook</subfield>
  </datafield>
  <datafield tag="245" ind1=" " ind2=" ">
    <subfield code="a">Gauge theories in particle physics</subfield>
    <subfield code="b">a practical introduction</subfield>
  </datafield>
  <datafield tag="260" ind1=" " ind2=" ">
    <subfield code="a">Bristol</subfield>
    <subfield code="b">IOP</subfield>
    <subfield code="c">2004</subfield>
  </datafield>
  <datafield tag="020" ind1=" " ind2=" ">
    <subfield code="a">0750309504</subfield>
  </datafield>
  <datafield tag="020" ind1=" " ind2=" ">
    <subfield code="a">9780750309509</subfield>
  </datafield>
  <datafield tag="020" ind1=" " ind2=" ">
    <subfield code="a">9780849387760</subfield>
    <subfield code="u">electronic version</subfield>
  </datafield>
  <datafield tag="024" ind1="7" ind2=" ">
    <subfield code="2">DOI</subfield>
    <subfield code="a">10.1201/9780849387760</subfield>
    <subfield code="q">ebook</subfield>
  </datafield>
  <datafield tag="100" ind1=" " ind2=" ">
    <subfield code="a">Aitchison, Ian Johnston Rhind</subfield>
  </datafield>
  <datafield tag="041" ind1=" " ind2=" ">
    <subfield code="a">eng</subfield>
  </datafield>
  <datafield tag="080" ind1=" " ind2=" ">
    <subfield code="a">530.24</subfield>
  </datafield>
  <datafield tag="080" ind1=" " ind2=" ">
    <subfield code="a">530.24</subfield>
  </datafield>
  <datafield tag="964" ind1=" " ind2=" ">
    <subfield code="a">0002</subfield>
  </datafield>
  <datafield tag="960" ind1=" " ind2=" ">
    <subfield code="a">21</subfield>
  </datafield>
  <datafield tag="961" ind1=" " ind2=" ">
    <subfield code="c">20091104</subfield>
    <subfield code="h">2202</subfield>
    <subfield code="l">CER01</subfield>
    <subfield code="x">20031104</subfield>
  </datafield>
  <datafield tag="963" ind1=" " ind2=" ">
    <subfield code="a">PUBLIC</subfield>
  </datafield>
  <datafield tag="246" ind1=" " ind2=" ">
    <subfield code="n">v.2</subfield>
    <subfield code="p">Non-Abelian Gauge theories: QCD and the electroweak theory</subfield>
  </datafield>
</record>