
<record>
  <controlfield tag="001">1485681</controlfield>
  <controlfield tag="003">SzGeCERN</controlfield>
  <controlfield tag="005">20141216095036.0</controlfield>
  <datafield tag="690" ind1="C" ind2=" ">
    <subfield code="a">BOOK</subfield>
  </datafield>
  <datafield tag="960" ind1=" " ind2=" ">
    <subfield code="a">21</subfield>
  </datafield>
  <datafield tag="300" ind1=" " ind2=" ">
    <subfield code="a">274 p</subfield>
  </datafield>
  <datafield tag="340" ind1=" " ind2=" ">
    <subfield code="a">paper</subfield>
  </datafield>
  <datafield tag="980" ind1=" " ind2=" ">
    <subfield code="a">BOOK</subfield>
  </datafield>
  <datafield tag="080" ind1=" " ind2=" ">
    <subfield code="a">539.1.072</subfield>
  </datafield>
  <datafield tag="700" ind1=" " ind2=" ">
    <subfield code="a">ATLAS Collaboration</subfield>
    <subfield code="e">ed.</subfield>
  </datafield>
  <datafield tag="852" ind1=" " ind2=" ">
    <subfield code="c">CERN Central Library</subfield>
    <subfield code="h">539.1.072 ATL</subfield>
  </datafield>
  <datafield tag="852" ind1=" " ind2=" ">
    <subfield code="c">CERN Depot 1, bldg. 2 (DE1)</subfield>
    <subfield code="h">539.1.072 ATL</subfield>
  </datafield>
  <datafield tag="856" ind1="4" ind2=" ">
    <subfield code="u">https://cds.cern.ch/search?ln=en&amp;p=962%3A1485681&amp;f=&amp;action_search=Search&amp;c=Articles+%26+Preprints&amp;c=Books+%26+Proceedings&amp;c=&amp;sf=&amp;so=d&amp;rm=&amp;rg=10&amp;sc=1&amp;of=hb</subfield>
    <subfield code="y">Chapters in this volume</subfield>
  </datafield>
  <datafield tag="245" ind1=" " ind2=" ">
    <subfield code="a">The performance of ATLAS detector</subfield>
  </datafield>
  <datafield tag="260" ind1=" " ind2=" ">
    <subfield code="a">Heidelberg</subfield>
    <subfield code="b">Springer</subfield>
    <subfield code="c">2011</subfield>
  </datafield>
  <datafield tag="520" ind1=" " ind2=" ">
    <subfield code="a">The ATLAS detector at the CERN Large Hadron Collider is an apparatus of unprecedented complexity, designed to probe physics in proton-proton collisions at centre-of-mass energies up to 14 TeV. It was installed in its underground cavern at the LHC during the period 2004 to 2008. Testing of individual subsystems began immediately with calibration systems and cosmic rays, and by 2008 full detector systems could be operated with the planned infrastructure, readout, and monitoring systems. Several commissioning runs of the full detector were organized in 2008 and 2009. During these runs the detector was operated continuously for several months with its readout triggered by cosmic ray muons. At the same time, regular calibrations of individual detector systems were made. In the course of these runs, signals from tens of millions of cosmic ray events were recorded. These commissioning runs continued until the first beam-beam collisions in late 2009.  This volume is a collection of seven performance papers based on data collected during this commissioning period. Five papers deal with the response of individual detector systems. One paper describes the performance of the simulation infrastructure used to model the detector’s response to both cosmic rays and to the later beam-beam collisions. The final paper describes measurements drawing on the integrated performance of several detector systems. It studies lepton identification, the response to low energy electrons, muon energy loss in the calorimeters, missing ET effects, and the combined performance for muons when both the muon spectrometer and the inner tracking detector are used. These papers summarize the studies of the ATLAS detector performance and readiness prior to the start of colliding beam data.</subfield>
  </datafield>
  <datafield tag="653" ind1="1" ind2=" ">
    <subfield code="9">CERN</subfield>
    <subfield code="a">ATLAS Muon spectrometer</subfield>
  </datafield>
  <datafield tag="653" ind1="1" ind2=" ">
    <subfield code="9">CERN</subfield>
    <subfield code="a">ATLAS detector</subfield>
  </datafield>
  <datafield tag="653" ind1="1" ind2=" ">
    <subfield code="9">CERN</subfield>
    <subfield code="a">LHC detector performance</subfield>
  </datafield>
  <datafield tag="653" ind1="1" ind2=" ">
    <subfield code="9">CERN</subfield>
    <subfield code="a">Detector Commissioning and Calibration</subfield>
  </datafield>
  <datafield tag="650" ind1="1" ind2="7">
    <subfield code="2">SzGeCERN</subfield>
    <subfield code="a">Particle Physics ; Detectors and Experimental Techniques</subfield>
  </datafield>
  <datafield tag="500" ind1=" " ind2=" ">
    <subfield code="a">Reprinted from The European Physical Journal C (articles published between summer 2010 and spring 2011)</subfield>
  </datafield>
  <datafield tag="916" ind1=" " ind2=" ">
    <subfield code="d">201210</subfield>
    <subfield code="s">h</subfield>
    <subfield code="w">201241</subfield>
  </datafield>
  <datafield tag="041" ind1=" " ind2=" ">
    <subfield code="a">eng</subfield>
  </datafield>
  <datafield tag="020" ind1=" " ind2=" ">
    <subfield code="a">9783642221156</subfield>
    <subfield code="u">print version, hardback</subfield>
  </datafield>
  <datafield tag="020" ind1=" " ind2=" ">
    <subfield code="a">9783642221163</subfield>
    <subfield code="u">electronic version</subfield>
  </datafield>
</record>