
<record>
  <controlfield tag="001">1431438</controlfield>
  <controlfield tag="003">SzGeCERN</controlfield>
  <controlfield tag="005">20150603194447.0</controlfield>
  <datafield tag="020" ind1=" " ind2=" ">
    <subfield code="a">9783642132704</subfield>
    <subfield code="u">print version, hardback</subfield>
  </datafield>
  <datafield tag="020" ind1=" " ind2=" ">
    <subfield code="a">9783642132711</subfield>
    <subfield code="u">electronic version</subfield>
  </datafield>
  <datafield tag="024" ind1="8" ind2=" ">
    <subfield code="a">oai:cds.cern.ch:1431438</subfield>
    <subfield code="p">cerncds:FULLTEXT</subfield>
  </datafield>
  <datafield tag="024" ind1="7" ind2=" ">
    <subfield code="2">DOI</subfield>
    <subfield code="a">10.1007/978-3-642-13271-1</subfield>
    <subfield code="q">ebook</subfield>
  </datafield>
  <datafield tag="035" ind1=" " ind2=" ">
    <subfield code="9">Inspire</subfield>
    <subfield code="a">1092869</subfield>
  </datafield>
  <datafield tag="041" ind1=" " ind2=" ">
    <subfield code="a">eng</subfield>
  </datafield>
  <datafield tag="050" ind1=" " ind2="4">
    <subfield code="a">QC770-798</subfield>
  </datafield>
  <datafield tag="080" ind1=" " ind2=" ">
    <subfield code="a">539.1.07</subfield>
  </datafield>
  <datafield tag="082" ind1="0" ind2="4">
    <subfield code="2">23</subfield>
    <subfield code="a">539.73</subfield>
  </datafield>
  <datafield tag="245" ind1=" " ind2=" ">
    <subfield code="a">Handbook of particle detection and imaging</subfield>
  </datafield>
  <datafield tag="246" ind1=" " ind2=" ">
    <subfield code="n">v.1</subfield>
  </datafield>
  <datafield tag="246" ind1=" " ind2=" ">
    <subfield code="n">v.2</subfield>
  </datafield>
  <datafield tag="260" ind1=" " ind2=" ">
    <subfield code="a">Heidelberg</subfield>
    <subfield code="b">Springer</subfield>
    <subfield code="c">2012</subfield>
  </datafield>
  <datafield tag="300" ind1=" " ind2=" ">
    <subfield code="a">2 v</subfield>
  </datafield>
  <datafield tag="340" ind1=" " ind2=" ">
    <subfield code="a">paper</subfield>
  </datafield>
  <datafield tag="340" ind1=" " ind2=" ">
    <subfield code="a">ebook</subfield>
  </datafield>
  <datafield tag="505" ind1="0" ind2=" ">
    <subfield code="a">VOLUME 1:- PART 1: BASIC PRINCIPLES OF DETECTORS AND ACCELERATORS. - Interactions of Particles and Radiation with Matter -- Electronics Part I -- Electronics Part II -- Data Analysis -- Statistics --  -- Accelerators for Particle Physics -- Synchrotron Radiation and FEL Instrumentation -- Calibration of Radioactive Sources -- Radiation Protection -- PART 2: SPECIFIC TYPES OF DETECTORS -- Gaseous Detectors -- Tracking Detectors -- Photon Detectors -- Neutrino Detectors -- Scintillation Counters -- Semiconductor Counters -- Gamma-Ray Detectors -- Cherenkov Counters -- Muon Spectrometers -- Calorimeters -- New Solid State Detectors -- Radiation Damage Effects. VOLUME 2:- PART 3: APPLICATIONS OF DETECTORS IN PARTICLE AND ASTROPARTICLE PHYSICS, SECURITY, ENVIRONMENT AND ART -- Astrophysics and Space Instrumentation -- Indirect Detection of Cosmic Rays -- Technology for Border Security -- Accelerator Mass Spectrometry and its Applications in Archaeology, Geology and Environmental Research -- Geoscientific Applications of Particle Detection and Imaging Techniques with Special Focus on the Monitoring Clay Mineral Reactions -- Particle Detectors Used in Isotope Ratio Mass Spectrometry, with Applications in Geology, Environmental Science and Nuclear Forensics -- Particle Detectors in Materials Science -- Spallation–Neutrons Beyond Nuclear Fission -- Neutron Detection -- Instrumentation for Nuclear Fusion -- The Use of Neutron Technology in Archaeological and Cultural Heritage Research -- Radiation Detectors and Art -- Part 4: APPLICATIONS OF PARTICLE DETECTORS IN MEDICINE -- Radiation-Based Medical Imaging Techniques: An Overview -- CT Imaging: Basics and New Trends -- SPECT Imaging: Basics and New Trends -- PET Imaging: Basics and New Trends -- Image Reconstruction -- Motion Compensation in Emission Tomography -- Quantitative Image Analysis in Tomography -- Compartmental Modeling in Emission Tomography -- Evaluation and Image Quality in Radiation-Based Medical Imaging -- Simulation of Medical Imaging Systems: Emission and Transmission Tomography -- High-Resolution and Animal Imaging Instrumentation and Techniques -- Imaging Instrumentation and Techniques for Precision Radiotherapy -- Tumor Therapy with Ion Beams.</subfield>
  </datafield>
  <datafield tag="520" ind1=" " ind2=" ">
    <subfield code="a">The handbook centers on detection techniques in the field of particle physics, medical imaging and related subjects. It is structured into three parts. The first one is dealing with basic ideas of particle detectors, followed by applications of these devices in high energy physics and other fields. In the last part the large field of medical imaging using similar detection techniques is described. The different chapters of the book are written by world experts in their field. Clear instructions on the detection techniques and principles in terms of relevant operation parameters for scientists and graduate students are given.Detailed tables and diagrams will make this a very useful handbook for the application of these techniques in many different fields like physics, medicine, biology and other areas of natural science.</subfield>
  </datafield>
  <datafield tag="595" ind1=" " ind2=" ">
    <subfield code="a">SPR201203</subfield>
  </datafield>
  <datafield tag="650" ind1="1" ind2="7">
    <subfield code="2">SzGeCERN</subfield>
    <subfield code="a">Detectors and Experimental Techniques</subfield>
  </datafield>
  <datafield tag="690" ind1="C" ind2=" ">
    <subfield code="a">BOOK</subfield>
  </datafield>
  <datafield tag="700" ind1=" " ind2=" ">
    <subfield code="a">Grupen, Claus</subfield>
    <subfield code="e">ed.</subfield>
  </datafield>
  <datafield tag="700" ind1=" " ind2=" ">
    <subfield code="a">Buvat, Irène</subfield>
    <subfield code="e">ed.</subfield>
  </datafield>
  <datafield tag="852" ind1=" " ind2=" ">
    <subfield code="c">CERN Central Library</subfield>
    <subfield code="h">539.1.07 GRU</subfield>
  </datafield>
  <datafield tag="856" ind1="4" ind2=" ">
    <subfield code="s">51789</subfield>
    <subfield code="u">http://cds.cern.ch/record/1431438/files/978-3-642-13271-1_BookTOC.pdf</subfield>
    <subfield code="y">1. Table of contents</subfield>
  </datafield>
  <datafield tag="856" ind1="4" ind2=" ">
    <subfield code="s">203020</subfield>
    <subfield code="u">http://cds.cern.ch/record/1431438/files/978-3-642-13271-1_BookBackMatter.pdf</subfield>
    <subfield code="y">2. Back matter</subfield>
  </datafield>
  <datafield tag="916" ind1=" " ind2=" ">
    <subfield code="d">201203</subfield>
    <subfield code="e">SPR</subfield>
    <subfield code="s">h</subfield>
    <subfield code="w">201211</subfield>
  </datafield>
  <datafield tag="960" ind1=" " ind2=" ">
    <subfield code="a">21</subfield>
  </datafield>
  <datafield tag="980" ind1=" " ind2=" ">
    <subfield code="a">BOOK</subfield>
  </datafield>
</record>