
<record>
  <controlfield tag="001">642515</controlfield>
  <controlfield tag="005">20150603193930.0</controlfield>
  <datafield tag="020" ind1=" " ind2=" ">
    <subfield code="a">9789812383563</subfield>
  </datafield>
  <datafield tag="020" ind1=" " ind2=" ">
    <subfield code="a">9812383565</subfield>
  </datafield>
  <datafield tag="020" ind1=" " ind2=" ">
    <subfield code="a">9789812775511</subfield>
    <subfield code="u">electronic version</subfield>
  </datafield>
  <datafield tag="020" ind1=" " ind2=" ">
    <subfield code="a">9789814486095</subfield>
    <subfield code="u">electronic version</subfield>
  </datafield>
  <datafield tag="024" ind1="7" ind2=" ">
    <subfield code="2">DOI</subfield>
    <subfield code="a">10.1142/5262</subfield>
    <subfield code="q">ebook</subfield>
  </datafield>
  <datafield tag="599" ind1=" " ind2=" ">
    <subfield code="a">7</subfield>
    <subfield code="b">6</subfield>
    <subfield code="c">1</subfield>
  </datafield>
  <datafield tag="980" ind1=" " ind2=" ">
    <subfield code="a">BOOK</subfield>
  </datafield>
  <datafield tag="690" ind1="C" ind2=" ">
    <subfield code="a">BOOK</subfield>
  </datafield>
  <datafield tag="690" ind1="C" ind2=" ">
    <subfield code="a">CERN</subfield>
  </datafield>
  <datafield tag="697" ind1="C" ind2=" ">
    <subfield code="a">BOOKSHOP</subfield>
  </datafield>
  <datafield tag="970" ind1=" " ind2=" ">
    <subfield code="a">002398615CER</subfield>
  </datafield>
  <datafield tag="541" ind1=" " ind2=" ">
    <subfield code="9">105.00</subfield>
    <subfield code="h">90</subfield>
  </datafield>
  <datafield tag="595" ind1=" " ind2=" ">
    <subfield code="a">EBLlink deleted</subfield>
  </datafield>
  <datafield tag="595" ind1=" " ind2=" ">
    <subfield code="a">WSC201505</subfield>
  </datafield>
  <datafield tag="653" ind1="1" ind2=" ">
    <subfield code="9">CERN</subfield>
    <subfield code="a">Bayes theorem</subfield>
  </datafield>
  <datafield tag="653" ind1="1" ind2=" ">
    <subfield code="9">CERN</subfield>
    <subfield code="a">statistical decision theory</subfield>
  </datafield>
  <datafield tag="653" ind1="1" ind2=" ">
    <subfield code="9">CERN</subfield>
    <subfield code="a">uncertainty</subfield>
  </datafield>
  <datafield tag="650" ind1="1" ind2="7">
    <subfield code="2">SzGeCERN</subfield>
    <subfield code="a">Mathematical Physics and Mathematics</subfield>
  </datafield>
  <datafield tag="300" ind1=" " ind2=" ">
    <subfield code="a">329 p</subfield>
  </datafield>
  <datafield tag="340" ind1=" " ind2=" ">
    <subfield code="a">paper</subfield>
  </datafield>
  <datafield tag="340" ind1=" " ind2=" ">
    <subfield code="a">ebook</subfield>
  </datafield>
  <datafield tag="505" ind1=" " ind2=" ">
    <subfield code="t">Contents; Preface; PART I Critical review and outline of the Bayesian alternative; 1 Uncertainty in physics and the usual methods of handling it; 1.1 Uncertainty in physics; 1.2 True value, error and uncertainty; 1.3 Sources of measurement uncertainty; 1.4 Usual handling of measurement uncertainties; 1.5 Probability of observables versus probability of 'true values'; 1.6 Probability of the causes; 1.7 Unsuitability of frequentistic confidence intervals; 1.8 Misunderstandings caused by the standard paradigm of hypothesis tests; 1.9 Statistical significance versus probability of hypotheses</subfield>
  </datafield>
  <datafield tag="505" ind1=" " ind2=" ">
    <subfield code="t">2 A probabilistic theory of measurement uncertainty2.1 Where to restart from?; 2.2 Concepts of probability; 2.3 Subjective probability; 2.4 Learning from observations: the 'problem of induction'; 2.5 Beyond Popper's falsification scheme; 2.6 From the probability of the effects to the probability of the causes; 2.7 Bayes' theorem for uncertain quantities: derivation from a physicist's point of view; 2.8 Afraid of 'prejudices'? Logical necessity versus frequent practical irrelevance of the priors; 2.9 Recovering standard methods and short-cuts to Bayesian reasoning</subfield>
  </datafield>
  <datafield tag="505" ind1=" " ind2=" ">
    <subfield code="t">2.10 Evaluation of measurement uncertainty: general scheme2.10.1 Direct measurement in the absence of systematic errors; 2.10.2 Indirect measurements; 2.10.3 Systematic errors; 2.10.4 Approximate methods; PART 2 A Bayesian primer; 3 Subjective probability and Bayes' theorem; 3.1 What is probability?; 3.2 Subjective definition of probability; 3.3 Rules of probability; 3.4 Subjective probability and 'objective' description of the physical world; 3.5 Conditional probability and Bayes' theorem; 3.5.1 Dependence of the probability on the state of information; 3.5.2 Conditional probability</subfield>
  </datafield>
  <datafield tag="505" ind1=" " ind2=" ">
    <subfield code="t">3.5.3 Bayes' theorem3.5.4 'Conventional' use of Bayes' theorem; 3.6 Bayesian statistics: learning by experience; 3.7 Hypothesis 'test' (discrete case); 3.7.1 Variations over a problem to Newton; 3.8 Falsificationism and Bayesian statistics; 3.9 Probability versus decision; 3.10 Probability of hypotheses versus probability of observations; 3.11 Choice of the initial probabilities (discrete case); 3.11.1 General criteria; 3.11.2 Insufficient reason and Maximum Entropy; 3.12 Solution to some problems; 3.12.1 AIDS test; 3.12.2 Gold/silver ring problem; 3.12.3 Regular or double-head coin?</subfield>
  </datafield>
  <datafield tag="505" ind1=" " ind2=" ">
    <subfield code="t">3.12.4 Which random generator is responsible for the observed number?3.13 Some further examples showing the crucial role of background knowledge; 4 Probability distributions (a concise reminder); 4.1 Discrete variables; 4.2 Continuous variables: probability and probability density function; 4.3 Distribution of several random variables; 4.4 Propagation of uncertainty; 4.5 Central limit theorem; 4.5.1 Terms and role; 4.5.2 Distribution of a sample average; 4.5.3 Normal approximation of the binomial and of the Poisson distribution; 4.5.4 Normal distribution of measurement errors; 4.5.5 Caution</subfield>
  </datafield>
  <datafield tag="505" ind1=" " ind2=" ">
    <subfield code="t">4.6 Laws of large numbers</subfield>
  </datafield>
  <datafield tag="520" ind1=" " ind2=" ">
    <subfield code="a">This book provides a multi-level introduction to Bayesian reasoning (as opposed to "conventional statistics") and its applications to data analysis. The basic ideas of this "new" approach to the quantification of uncertainty are presented using examples from research and everyday life. Applications covered include: parametric inference; combination of results; treatment of uncertainty due to systematic errors and background; comparison of hypotheses; unfolding of experimental distributions; upper/lower bounds in frontier-type measurements. Approximate methods for routine use are derived and ar</subfield>
  </datafield>
  <datafield tag="080" ind1=" " ind2=" ">
    <subfield code="a">519.226</subfield>
  </datafield>
  <datafield tag="080" ind1=" " ind2=" ">
    <subfield code="a">53.088</subfield>
  </datafield>
  <datafield tag="080" ind1=" " ind2=" ">
    <subfield code="a">519.23</subfield>
  </datafield>
  <datafield tag="710" ind1=" " ind2=" ">
    <subfield code="5">PH</subfield>
  </datafield>
  <datafield tag="852" ind1=" " ind2=" ">
    <subfield code="c">CERN Central Library</subfield>
    <subfield code="h">519.23 DAG</subfield>
  </datafield>
  <datafield tag="916" ind1=" " ind2=" ">
    <subfield code="d">200604</subfield>
    <subfield code="e">WSC</subfield>
    <subfield code="s">r</subfield>
    <subfield code="w">200616</subfield>
    <subfield code="y">2003</subfield>
  </datafield>
  <datafield tag="245" ind1=" " ind2=" ">
    <subfield code="a">Bayesian Reasoning in Data Analysis</subfield>
    <subfield code="b">A Critical Introduction</subfield>
  </datafield>
  <datafield tag="260" ind1=" " ind2=" ">
    <subfield code="a">Singapore</subfield>
    <subfield code="b">World Scientific</subfield>
    <subfield code="c">2003</subfield>
    <subfield code="g">Repr. 2005</subfield>
  </datafield>
  <datafield tag="100" ind1=" " ind2=" ">
    <subfield code="a">D'Agostini, Giulio</subfield>
    <subfield code="u">CERN</subfield>
  </datafield>
  <datafield tag="041" ind1=" " ind2=" ">
    <subfield code="a">eng</subfield>
  </datafield>
  <datafield tag="964" ind1=" " ind2=" ">
    <subfield code="a">0002</subfield>
  </datafield>
  <datafield tag="960" ind1=" " ind2=" ">
    <subfield code="a">21</subfield>
  </datafield>
  <datafield tag="961" ind1=" " ind2=" ">
    <subfield code="c">20091104</subfield>
    <subfield code="h">2202</subfield>
    <subfield code="l">CER01</subfield>
    <subfield code="x">20030916</subfield>
  </datafield>
  <datafield tag="963" ind1=" " ind2=" ">
    <subfield code="a">PUBLIC</subfield>
  </datafield>
</record>