
<record>
  <controlfield tag="001">241251</controlfield>
  <controlfield tag="003">SzGeCERN</controlfield>
  <controlfield tag="005">20150603193820.0</controlfield>
  <datafield tag="980" ind1=" " ind2=" ">
    <subfield code="a">BOOK</subfield>
  </datafield>
  <datafield tag="035" ind1=" " ind2=" ">
    <subfield code="a">0156845CERCER</subfield>
  </datafield>
  <datafield tag="690" ind1="C" ind2=" ">
    <subfield code="a">BOOK</subfield>
  </datafield>
  <datafield tag="852" ind1=" " ind2=" ">
    <subfield code="c">CERN Central Library</subfield>
    <subfield code="h">539.172 WON</subfield>
  </datafield>
  <datafield tag="970" ind1=" " ind2=" ">
    <subfield code="a">000156845CER</subfield>
  </datafield>
  <datafield tag="653" ind1="1" ind2=" ">
    <subfield code="9">CERN</subfield>
    <subfield code="a">heavy-ion collisions</subfield>
  </datafield>
  <datafield tag="653" ind1="1" ind2=" ">
    <subfield code="9">CERN</subfield>
    <subfield code="a">lattice gauge theory</subfield>
  </datafield>
  <datafield tag="653" ind1="1" ind2=" ">
    <subfield code="9">CERN</subfield>
    <subfield code="a">nucleon-nucleon collision</subfield>
  </datafield>
  <datafield tag="653" ind1="1" ind2=" ">
    <subfield code="9">CERN</subfield>
    <subfield code="a">quark-gluon plasma</subfield>
  </datafield>
  <datafield tag="650" ind1="1" ind2="7">
    <subfield code="2">SzGeCERN</subfield>
    <subfield code="a">Particle Physics</subfield>
  </datafield>
  <datafield tag="520" ind1=" " ind2=" ">
    <subfield code="a">Written primarily for researchers and graduate students who are new in this emerging field, this book develops the necessary tools so that readers can follow the latest advances in this subject. Readers are first guided to examine the basic informations on nucleon-nucleon collisions and the use of the nucleus as an arena to study the interaction of one nucleon with another. A good survey of the relation between nucleon-nucleon and nucleus-nucleus collisions provides the proper comparison to study phenomena involving the more exotic quark-gluon plasma. Properties of the quark-gluon plasma and s</subfield>
  </datafield>
  <datafield tag="595" ind1=" " ind2=" ">
    <subfield code="a">ILL:11530</subfield>
  </datafield>
  <datafield tag="595" ind1=" " ind2=" ">
    <subfield code="a">EBLlink deleted</subfield>
  </datafield>
  <datafield tag="595" ind1=" " ind2=" ">
    <subfield code="a">WSC201312</subfield>
  </datafield>
  <datafield tag="505" ind1=" " ind2=" ">
    <subfield code="t">Preface; Contents; 1. Introduction; References for Chapter 1; 2. Kinematic Variables; 2.1 Notation and Conventions; 2.2 Light-Cone Variables; 2.3 Rapidity Variable; 2.4 Pseudorapidity Variable; Reference for Chapter 2; 3. Nucleon-Nucleon Collisions; 3.1 Particle Production in Nucleon-Nucleon Collisions; 3.2 Baryon Energy Loss in an Inelastic Collision; References for Chapter 3; 4. Hard Processes in Nucleon-Nucleon Collisions; 4.1 The Infinite-Momentum Frame; 4.2 Relativistic Hard-Scattering Model; 4.3 Counting Rules; 4.4 Application of the Hard-Scattering Model</subfield>
  </datafield>
  <datafield tag="505" ind1=" " ind2=" ">
    <subfield code="t">4.5 Direct Fragmentation ProcessReferences for Chapter 4; 5. Particle Production in a Strong Field; 5.1 Schwinger Particle Production Mechanism; 5.2 Particle Production Rate; References for Chapter 5; 6. Particle Production in Two-Dimensional Quantum Electrodynamics; 6.1 Qualitative Description of QED2; 6.2 Relation between jµ and Aµ in QED2; 6.3 Inside-Outside Cascade; 6.4 Rapidity Distribution from QED2; References for Chapter 6; 7. Classical String Model; 7.1 The String Model of Hadrons; 7.2 The Yo-Yo Model of Stable Particles; 7.3 A Yo-Yo State in Motion</subfield>
  </datafield>
  <datafield tag="505" ind1=" " ind2=" ">
    <subfield code="t">7.4 The Symmetric Lund Model7.5 Lund Model for Nuclear Collisions; References for Chapter 7; 8. Dual Parton Model; 8.1 Dual Resonance Model; 8.2 Pomeron Exchange; 8.3 Particle Production Processes; References for Chapter 8; 9. Quarks, Gluons, and Quark-Gluon Plasma; 9.1 Quarks and Gluons; 9.2 Bag Model of a Hadron; 9.3 Quark-Gluon Plasma; 9.3.1 Quark-Gluon Plasma at High Temperatures; 9.3.2 Quark-Gluon Plasma with a High Baryon Density; References for Chapter 9; 10. Lattice Gauge Theory; 10.1 Path Integral Method for a Single-Particle System</subfield>
  </datafield>
  <datafield tag="505" ind1=" " ind2=" ">
    <subfield code="t">10.2 Partition Function for a Single-Particle System10.3 Path Integral Method for a Scalar Field; 10.4 Partition Function for a Scalar Field; 10.5 Basic Quantities in Lattice Gauge Theory; 10.6 The Lagrangian and the Euclidean Action for QCD; 10.7 Euclidean Space and Minkowski Space Compared and Contrasted; 10.8 Fermion Part of the Euclidean Action; References for Chapter 10; 11. Results from Lattice Gauge Theory; 11.1 The Wilson Loop; 11.2 The Order of a Phase Transition; 11.3 Mean-Field Approximation; (a) Z(N) Spin System; (b) Z(N) Lattice Gauge System</subfield>
  </datafield>
  <datafield tag="505" ind1=" " ind2=" ">
    <subfield code="t">11.4 Numerical Results from Lattice Gauge Theory11.5 Lattice Gauge Calculations with Ferm; References for Chapter 11; 12. Nucleus-Nucleus Collisions; 12.1 Multiple Collisions and Nuclear Stopping; 12.2 Glauber Model of Nucleus-Nucleus Collision; 12.3 Some Analytic Examples; References for Chapter 12; 13. High-Energy Heavy-Ion Collisions and Quark-Gluon Plasma; 13.1 Nuclear Stopping Power and the Baryon Content; 13.2 Bjorken's Estimate of the Initial Energy Density in High-Energy Nucleus-Nucleus Collisions; 13.3 Hydrodynamics of the Quark-Gluon Plasma; References for Chapter 13</subfield>
  </datafield>
  <datafield tag="505" ind1=" " ind2=" ">
    <subfield code="t">14. Signatures for the Quark-Gluon Plasma (I)</subfield>
  </datafield>
  <datafield tag="500" ind1=" " ind2=" ">
    <subfield code="a">Erratum</subfield>
  </datafield>
  <datafield tag="300" ind1=" " ind2=" ">
    <subfield code="a">516 p</subfield>
  </datafield>
  <datafield tag="340" ind1=" " ind2=" ">
    <subfield code="a">paper</subfield>
  </datafield>
  <datafield tag="340" ind1=" " ind2=" ">
    <subfield code="a">ebook</subfield>
  </datafield>
  <datafield tag="080" ind1=" " ind2=" ">
    <subfield code="a">539.172.6</subfield>
  </datafield>
  <datafield tag="260" ind1=" " ind2=" ">
    <subfield code="a">Singapore</subfield>
    <subfield code="b">World Scientific</subfield>
    <subfield code="c">1994</subfield>
  </datafield>
  <datafield tag="020" ind1=" " ind2=" ">
    <subfield code="a">9789810202637</subfield>
    <subfield code="u">print version, hardback</subfield>
  </datafield>
  <datafield tag="020" ind1=" " ind2=" ">
    <subfield code="a">9789810202644</subfield>
    <subfield code="u">print version, paperback</subfield>
  </datafield>
  <datafield tag="020" ind1=" " ind2=" ">
    <subfield code="a">9810202636</subfield>
    <subfield code="u">print version, hardback</subfield>
  </datafield>
  <datafield tag="020" ind1=" " ind2=" ">
    <subfield code="a">9810202644</subfield>
    <subfield code="u">print version, paperback</subfield>
  </datafield>
  <datafield tag="020" ind1=" " ind2=" ">
    <subfield code="a">9789814506854</subfield>
    <subfield code="u">electronic version</subfield>
  </datafield>
  <datafield tag="020" ind1=" " ind2=" ">
    <subfield code="a">9789814277549</subfield>
    <subfield code="u">electronic version</subfield>
  </datafield>
  <datafield tag="024" ind1="7" ind2=" ">
    <subfield code="2">DOI</subfield>
    <subfield code="a">10.1142/1128</subfield>
    <subfield code="q">ebook</subfield>
  </datafield>
  <datafield tag="100" ind1=" " ind2=" ">
    <subfield code="a">Wong, Cheuk-Yin</subfield>
  </datafield>
  <datafield tag="041" ind1=" " ind2=" ">
    <subfield code="a">eng</subfield>
  </datafield>
  <datafield tag="964" ind1=" " ind2=" ">
    <subfield code="a">0004</subfield>
  </datafield>
  <datafield tag="245" ind1=" " ind2=" ">
    <subfield code="a">Introduction to high-energy heavy-ion collisions</subfield>
  </datafield>
  <datafield tag="916" ind1=" " ind2=" ">
    <subfield code="e">WSC</subfield>
    <subfield code="s">h</subfield>
    <subfield code="w">200836</subfield>
  </datafield>
  <datafield tag="960" ind1=" " ind2=" ">
    <subfield code="a">21</subfield>
  </datafield>
  <datafield tag="961" ind1=" " ind2=" ">
    <subfield code="c">20091104</subfield>
    <subfield code="h">2205</subfield>
    <subfield code="l">CER01</subfield>
    <subfield code="x">19920928</subfield>
  </datafield>
  <datafield tag="963" ind1=" " ind2=" ">
    <subfield code="a">PUBLIC</subfield>
  </datafield>
</record>