
<record>
  <controlfield tag="001">1323582</controlfield>
  <controlfield tag="003">SzGeCERN</controlfield>
  <controlfield tag="005">20141216000455.0</controlfield>
  <datafield tag="595" ind1=" " ind2=" ">
    <subfield code="a">ILL: 17456</subfield>
  </datafield>
  <datafield tag="980" ind1=" " ind2=" ">
    <subfield code="a">BOOK</subfield>
  </datafield>
  <datafield tag="690" ind1="C" ind2=" ">
    <subfield code="a">BOOK</subfield>
  </datafield>
  <datafield tag="697" ind1="C" ind2=" ">
    <subfield code="a">BOOKSHOP</subfield>
  </datafield>
  <datafield tag="852" ind1=" " ind2=" ">
    <subfield code="c">CERN Central Library</subfield>
    <subfield code="h">539.12 HAU</subfield>
  </datafield>
  <datafield tag="970" ind1=" " ind2=" ">
    <subfield code="a">002944007CER</subfield>
  </datafield>
  <datafield tag="541" ind1=" " ind2=" ">
    <subfield code="9">65.00</subfield>
    <subfield code="h">61</subfield>
  </datafield>
  <datafield tag="650" ind1="1" ind2="7">
    <subfield code="2">SzGeCERN</subfield>
    <subfield code="a">Particle Physics - Experiment</subfield>
  </datafield>
  <datafield tag="916" ind1=" " ind2=" ">
    <subfield code="d">201104</subfield>
    <subfield code="s">h</subfield>
    <subfield code="w">201103</subfield>
  </datafield>
  <datafield tag="583" ind1=" " ind2=" ">
    <subfield code="a">new</subfield>
    <subfield code="c">14 December 2010</subfield>
  </datafield>
  <datafield tag="300" ind1=" " ind2=" ">
    <subfield code="a">210 p</subfield>
  </datafield>
  <datafield tag="340" ind1=" " ind2=" ">
    <subfield code="a">paper</subfield>
  </datafield>
  <datafield tag="080" ind1=" " ind2=" ">
    <subfield code="a">539.12</subfield>
  </datafield>
  <datafield tag="245" ind1=" " ind2=" ">
    <subfield code="a">Particle physics experiments at high energy colliders</subfield>
  </datafield>
  <datafield tag="260" ind1=" " ind2=" ">
    <subfield code="a">Weinheim</subfield>
    <subfield code="b">Wiley</subfield>
    <subfield code="c">2011</subfield>
  </datafield>
  <datafield tag="020" ind1=" " ind2=" ">
    <subfield code="a">9783527408252</subfield>
    <subfield code="u">print version, paperback</subfield>
  </datafield>
  <datafield tag="100" ind1=" " ind2=" ">
    <subfield code="a">Hauptman, John</subfield>
  </datafield>
  <datafield tag="041" ind1=" " ind2=" ">
    <subfield code="a">eng</subfield>
  </datafield>
  <datafield tag="960" ind1=" " ind2=" ">
    <subfield code="a">21</subfield>
  </datafield>
  <datafield tag="961" ind1=" " ind2=" ">
    <subfield code="c">20110406</subfield>
    <subfield code="h">1242</subfield>
    <subfield code="l">CER01</subfield>
    <subfield code="x">20110120</subfield>
  </datafield>
  <datafield tag="963" ind1=" " ind2=" ">
    <subfield code="a">PUBLIC</subfield>
  </datafield>
</record>