
<record>
  <controlfield tag="001">542667</controlfield>
  <controlfield tag="003">SzGeCERN</controlfield>
  <controlfield tag="005">20141216073834.0</controlfield>
  <datafield tag="020" ind1=" " ind2=" ">
    <subfield code="a">0521750334</subfield>
    <subfield code="u">print version, hardback</subfield>
  </datafield>
  <datafield tag="020" ind1=" " ind2=" ">
    <subfield code="a">9780521750332</subfield>
    <subfield code="u">print version, hardback</subfield>
  </datafield>
  <datafield tag="024" ind1="8" ind2=" ">
    <subfield code="a">oai:cds.cern.ch:542667</subfield>
    <subfield code="p">cerncds:FULLTEXT</subfield>
  </datafield>
  <datafield tag="035" ind1=" " ind2=" ">
    <subfield code="a">2299875CERCER</subfield>
  </datafield>
  <datafield tag="041" ind1=" " ind2=" ">
    <subfield code="a">eng</subfield>
  </datafield>
  <datafield tag="080" ind1=" " ind2=" ">
    <subfield code="a">519.6</subfield>
  </datafield>
  <datafield tag="080" ind1=" " ind2=" ">
    <subfield code="a">004.438.C++</subfield>
  </datafield>
  <datafield tag="100" ind1=" " ind2=" ">
    <subfield code="a">Press, William H</subfield>
  </datafield>
  <datafield tag="245" ind1=" " ind2=" ">
    <subfield code="a">Numerical recipes in C++</subfield>
    <subfield code="b">the art of scientific computing</subfield>
  </datafield>
  <datafield tag="250" ind1=" " ind2=" ">
    <subfield code="a">2nd ed.</subfield>
  </datafield>
  <datafield tag="260" ind1=" " ind2=" ">
    <subfield code="a">Cambridge</subfield>
    <subfield code="b">Cambridge Univ. Press</subfield>
    <subfield code="c">2002</subfield>
  </datafield>
  <datafield tag="300" ind1=" " ind2=" ">
    <subfield code="a">1002 p</subfield>
  </datafield>
  <datafield tag="340" ind1=" " ind2=" ">
    <subfield code="a">paper</subfield>
  </datafield>
  <datafield tag="541" ind1=" " ind2=" ">
    <subfield code="9">85.00</subfield>
    <subfield code="h">79</subfield>
  </datafield>
  <datafield tag="583" ind1=" " ind2=" ">
    <subfield code="c">20-Feb-02</subfield>
  </datafield>
  <datafield tag="595" ind1=" " ind2=" ">
    <subfield code="a">newud2</subfield>
  </datafield>
  <datafield tag="599" ind1=" " ind2=" ">
    <subfield code="a">56</subfield>
    <subfield code="b">56</subfield>
    <subfield code="c">0</subfield>
  </datafield>
  <datafield tag="650" ind1="1" ind2="7">
    <subfield code="2">SzGeCERN</subfield>
    <subfield code="a">Computing and Computers</subfield>
  </datafield>
  <datafield tag="653" ind1="1" ind2=" ">
    <subfield code="9">CERN</subfield>
    <subfield code="a">Eigensystem</subfield>
  </datafield>
  <datafield tag="653" ind1="1" ind2=" ">
    <subfield code="9">CERN</subfield>
    <subfield code="a">algebraic equations</subfield>
  </datafield>
  <datafield tag="653" ind1="1" ind2=" ">
    <subfield code="9">CERN</subfield>
    <subfield code="a">interpolation</subfield>
  </datafield>
  <datafield tag="653" ind1="1" ind2=" ">
    <subfield code="9">CERN</subfield>
    <subfield code="a">random numbers</subfield>
  </datafield>
  <datafield tag="690" ind1="C" ind2=" ">
    <subfield code="a">BOOK</subfield>
  </datafield>
  <datafield tag="700" ind1=" " ind2=" ">
    <subfield code="a">Teukolsky, Saul Arno</subfield>
  </datafield>
  <datafield tag="700" ind1=" " ind2=" ">
    <subfield code="a">Vetterling, William T</subfield>
  </datafield>
  <datafield tag="700" ind1=" " ind2=" ">
    <subfield code="a">Flannery, Brian P</subfield>
  </datafield>
  <datafield tag="775" ind1=" " ind2=" ">
    <subfield code="w">930927</subfield>
  </datafield>
  <datafield tag="775" ind1=" " ind2=" ">
    <subfield code="w">1058314</subfield>
  </datafield>
  <datafield tag="775" ind1=" " ind2=" ">
    <subfield code="w">335263</subfield>
  </datafield>
  <datafield tag="775" ind1=" " ind2=" ">
    <subfield code="w">269652</subfield>
    <subfield code="b">2nd ed.</subfield>
    <subfield code="c">1992</subfield>
  </datafield>
  <datafield tag="775" ind1=" " ind2=" ">
    <subfield code="w">248958</subfield>
    <subfield code="b">2nd ed.</subfield>
    <subfield code="c">1992</subfield>
  </datafield>
  <datafield tag="775" ind1=" " ind2=" ">
    <subfield code="w">110172</subfield>
    <subfield code="b">1st ed.</subfield>
    <subfield code="c">1986</subfield>
  </datafield>
  <datafield tag="775" ind1=" " ind2=" ">
    <subfield code="w">248957</subfield>
    <subfield code="b">2nd ed.</subfield>
    <subfield code="c">1992</subfield>
  </datafield>
  <datafield tag="852" ind1=" " ind2=" ">
    <subfield code="c">CERN Central Library</subfield>
    <subfield code="h">004.438.C++ PRE</subfield>
  </datafield>
  <datafield tag="856" ind1="4" ind2=" ">
    <subfield code="s">799051</subfield>
    <subfield code="u">http://cds.cern.ch/record/542667/files/0521750334_TOC.pdf</subfield>
    <subfield code="y">1. Table of contents</subfield>
  </datafield>
  <datafield tag="916" ind1=" " ind2=" ">
    <subfield code="s">h</subfield>
    <subfield code="w">200210</subfield>
  </datafield>
  <datafield tag="940" ind1=" " ind2=" ">
    <subfield code="u">http://uk.cambridge.org/order/WebBook.asp?ISBN=0521750334</subfield>
    <subfield code="y">publisher</subfield>
  </datafield>
  <datafield tag="960" ind1=" " ind2=" ">
    <subfield code="a">21</subfield>
  </datafield>
  <datafield tag="961" ind1=" " ind2=" ">
    <subfield code="c">20080407</subfield>
    <subfield code="h">1512</subfield>
    <subfield code="l">CER01</subfield>
    <subfield code="x">20020318</subfield>
  </datafield>
  <datafield tag="963" ind1=" " ind2=" ">
    <subfield code="a">PUBLIC</subfield>
  </datafield>
  <datafield tag="964" ind1=" " ind2=" ">
    <subfield code="a">0002</subfield>
  </datafield>
  <datafield tag="970" ind1=" " ind2=" ">
    <subfield code="a">002299875CER</subfield>
  </datafield>
  <datafield tag="980" ind1=" " ind2=" ">
    <subfield code="a">BOOK</subfield>
  </datafield>
</record>