
<record>
  <controlfield tag="001">354571</controlfield>
  <controlfield tag="003">SzGeCERN</controlfield>
  <controlfield tag="005">20150518154323.0</controlfield>
  <datafield tag="020" ind1=" " ind2=" ">
    <subfield code="a">9810227906</subfield>
    <subfield code="u">print version, hardback</subfield>
  </datafield>
  <datafield tag="020" ind1=" " ind2=" ">
    <subfield code="a">9789810227906</subfield>
    <subfield code="u">print version, hardback</subfield>
  </datafield>
  <datafield tag="020" ind1=" " ind2=" ">
    <subfield code="a">9789814261029</subfield>
    <subfield code="u">electronic version</subfield>
  </datafield>
  <datafield tag="020" ind1=" " ind2=" ">
    <subfield code="a">9789814498449</subfield>
    <subfield code="u">electronic version</subfield>
  </datafield>
  <datafield tag="024" ind1="8" ind2=" ">
    <subfield code="a">oai:cds.cern.ch:354571</subfield>
    <subfield code="p">cerncds:FULLTEXT</subfield>
  </datafield>
  <datafield tag="035" ind1=" " ind2=" ">
    <subfield code="a">0279051CERCER</subfield>
  </datafield>
  <datafield tag="041" ind1=" " ind2=" ">
    <subfield code="a">eng</subfield>
  </datafield>
  <datafield tag="080" ind1=" " ind2=" ">
    <subfield code="a">621.318.4:537.312.62</subfield>
  </datafield>
  <datafield tag="100" ind1=" " ind2=" ">
    <subfield code="a">Mess, K H</subfield>
  </datafield>
  <datafield tag="245" ind1=" " ind2=" ">
    <subfield code="a">Superconducting Accelerator Magnets</subfield>
  </datafield>
  <datafield tag="260" ind1=" " ind2=" ">
    <subfield code="a">Singapore</subfield>
    <subfield code="b">World Scientific</subfield>
    <subfield code="c">1996</subfield>
  </datafield>
  <datafield tag="300" ind1=" " ind2=" ">
    <subfield code="a">218 p</subfield>
  </datafield>
  <datafield tag="340" ind1=" " ind2=" ">
    <subfield code="a">paper</subfield>
  </datafield>
  <datafield tag="340" ind1=" " ind2=" ">
    <subfield code="a">ebook</subfield>
  </datafield>
  <datafield tag="505" ind1=" " ind2=" ">
    <subfield code="t">Contents; Preface; Chapter 1 Introduction; 1.1 Field properties of superconducting magnets; 1.2 Quenches degradation training; 1.3 Persistent magnetization currents; 1.4 Iron yoke; 1.5 Cryogenic system and materials; 1.6 Correction magnets; Chapter 2 Basics of Superconductivity; 2.1 Overview; 2.2 Meissner-Ochsenfeld effect and London penetration depth; 2.3 Type II superconductors; 2.3.1 Energy balance in a magnetic field; 2.3.2 Coherence length and distinction between type I and type II superconductors; 2.4 Hard superconductors; 2.4.1 Flux flow resistance and flux pinning</subfield>
  </datafield>
  <datafield tag="505" ind1=" " ind2=" ">
    <subfield code="t">2.4.2 Magnetization of a hard superconductor2.4.3 Flux creep; 2.4.4 Critical current density; 2.4.5 The critical-state model and flux jumping; Chapter 3 Practical Superconductors for Accelerator Magnets; 3.1 Superconducting materials; 3.2 Superconducting wire; 3.2.1 Properties of multifilamentary NbTi wires; 3.2.2 Wire fabrication and test; 3.3 Cable; 3.3.1 Cable fabrication; 3.3.2 Cable insulation; Chapter 4 Field Calculations; 4.1 Multipole expansion for a single current conductor; 4.2 Generation of pure multipole fields; 4.3 Approximation of pure multipole coils by current shells</subfield>
  </datafield>
  <datafield tag="505" ind1=" " ind2=" ">
    <subfield code="t">4.4 Influence of the iron yoke4.5 Saturation of iron yoke; 4.5.1 'Warm-iron' dipole; 4.5.2 'Cold-iron' dipole; 4.5.3 'HERA-type' dipole; 4.6 End field; Chapter 5 Mechanical Accuracies and Magnetic Forces; 5.1 Mechanical tolerances; 5.2 Multipole measurements as a means of quality assurance; 5.3 Field integral and field orientation; 5.4 Magnetic forces; 5.5 Pre-compression of coil and measurement of internal forces; 5.6 Forces between coil and yoke; 5.7 Longitudinal forces; Chapter 6 Persistent Currents; 6.1 Theoretical model of persistent magnetization currents</subfield>
  </datafield>
  <datafield tag="505" ind1=" " ind2=" ">
    <subfield code="t">6.1.1 Superconductor magnetization6.1.2 Calculation of persistent-current multipole fields and comparison with data; 6.2 Time dependence of persistent-current effects; 6.3 Longitudinal periodicity of persistent-current fields; Chapter 7 Eddy Current Effects in Superconducting Magnets; 7.1 Coupling currents within a strand; 7.2 Cable eddy currents; 7.2.1 One dimensional model; 7.2.2 Two dimensional model; 7.2.3 Effect of cable eddy currents on field quality and magnet performance; 7.3 Eddy currents in longitudinally varying fields; 7.3.1 Theoretical model</subfield>
  </datafield>
  <datafield tag="505" ind1=" " ind2=" ">
    <subfield code="t">7.3.2 Influence on the persistent-current effects in magnets7.4 Transmission line characteristics of a long string of magnets; 7.4.1 Equivalent circuit of a dipole; 7.4.2 String of magnets; Chapter 8 Quenches and Magnet Protection; 8.1 Transition to normal conductivity; 8.2 Stability; 8.2.1 Cooling by heat transfer to helium; 8.2.2 Cooling by heat conduction; 8.3 Quench propagation; 8.3.1 Calculation of quench propagation velocity; 8.3.2 Experimental methods and results on quench propagation; 8.4 Heating of the coil after a quench; 8.4.1 Experimental results; 8.4.2 Numerical methods</subfield>
  </datafield>
  <datafield tag="505" ind1=" " ind2=" ">
    <subfield code="t">8.5 Quench detection and magnet protection</subfield>
  </datafield>
  <datafield tag="520" ind1=" " ind2=" ">
    <subfield code="a">The main topic of the book are the superconducting dipole and quadrupole magnets needed in high-energy accelerators and storage rings for protons, antiprotons or heavy ions. The basic principles of low-temperature superconductivity are outlined with special emphasis on the effects which are relevant for accelerator magnets. Properties and fabrication methods of practical superconductors are described. Analytical methods for field calculation and multipole expansion are presented for coils without and with iron yoke. The effect of yoke saturation and geometric distortions on field quality is studied. Persistent magnetization currents in the superconductor and eddy currents the copper part of the cable are analyzed in detail and their influence on field quality and magnet performance is investigated. Superconductor stability, quench origins and propagation and magnet protection are addressed. Some important concepts of accelerator physics are introduced which are needed to appreciate the demanding requirements on field quality in large storage rings. The operational experience with the superconducting HERA collider serves as an illustration. Finally superconducting correction coils and practical construction and fabrication methods of accelerator magnets are discussed. The physical and technical principles described in the book are substantiated with a wealth of experimental data on multipoles, persistent- and eddy-current effects, quench performance and much more.</subfield>
  </datafield>
  <datafield tag="520" ind1=" " ind2=" ">
    <subfield code="a">The main topic of the book are the superconducting dipole and quadrupole magnets needed in high-energy accelerators and storage rings for protons, antiprotons or heavy ions. The basic principles of low-temperature superconductivity are outlined with special emphasis on the effects which are relevant for accelerator magnets. Properties and fabrication methods of practical superconductors are described. Analytical methods for field calculation and multipole expansion are presented for coils without and with iron yoke. The effect of yoke saturation and geometric distortions on field quality is st</subfield>
  </datafield>
  <datafield tag="541" ind1=" " ind2=" ">
    <subfield code="9">48.00</subfield>
    <subfield code="h">49</subfield>
  </datafield>
  <datafield tag="595" ind1=" " ind2=" ">
    <subfield code="a">ILL: 11797</subfield>
  </datafield>
  <datafield tag="595" ind1=" " ind2=" ">
    <subfield code="a">EBLlink deleted</subfield>
  </datafield>
  <datafield tag="595" ind1=" " ind2=" ">
    <subfield code="a">WSC201505</subfield>
  </datafield>
  <datafield tag="595" ind1=" " ind2=" ">
    <subfield code="z">UNCL</subfield>
  </datafield>
  <datafield tag="650" ind1="1" ind2="7">
    <subfield code="2">SzGeCERN</subfield>
    <subfield code="a">Accelerators and Storage Rings</subfield>
  </datafield>
  <datafield tag="653" ind1="1" ind2=" ">
    <subfield code="9">CERN</subfield>
    <subfield code="a">superconducting magnets</subfield>
  </datafield>
  <datafield tag="690" ind1="C" ind2=" ">
    <subfield code="a">BOOK</subfield>
  </datafield>
  <datafield tag="697" ind1="C" ind2=" ">
    <subfield code="a">BOOKSHOP</subfield>
  </datafield>
  <datafield tag="700" ind1=" " ind2=" ">
    <subfield code="a">Schmüser, P</subfield>
  </datafield>
  <datafield tag="700" ind1=" " ind2=" ">
    <subfield code="a">Wolff, S</subfield>
  </datafield>
  <datafield tag="852" ind1=" " ind2=" ">
    <subfield code="c">CERN Central Library</subfield>
    <subfield code="h">621.318 MES</subfield>
  </datafield>
  <datafield tag="852" ind1=" " ind2=" ">
    <subfield code="c">CERN Depot 1, bldg. 2 (DE1)</subfield>
    <subfield code="h">621.318 MES</subfield>
  </datafield>
  <datafield tag="856" ind1="4" ind2=" ">
    <subfield code="s">114208</subfield>
    <subfield code="u">http://cds.cern.ch/record/354571/files/9810227906_TOC.pdf</subfield>
    <subfield code="y">1. Table of contents</subfield>
  </datafield>
  <datafield tag="856" ind1="4" ind2=" ">
    <subfield code="u">http://www.worldscientific.com/worldscibooks/10.1142/3219#t=toc</subfield>
    <subfield code="y">ebook</subfield>
  </datafield>
  <datafield tag="916" ind1=" " ind2=" ">
    <subfield code="d">200810</subfield>
    <subfield code="e">WSC</subfield>
    <subfield code="s">h</subfield>
    <subfield code="w">200844</subfield>
  </datafield>
  <datafield tag="960" ind1=" " ind2=" ">
    <subfield code="a">21</subfield>
  </datafield>
  <datafield tag="961" ind1=" " ind2=" ">
    <subfield code="c">20101029</subfield>
    <subfield code="h">1124</subfield>
    <subfield code="l">CER01</subfield>
    <subfield code="x">19980513</subfield>
  </datafield>
  <datafield tag="963" ind1=" " ind2=" ">
    <subfield code="a">PUBLIC</subfield>
  </datafield>
  <datafield tag="964" ind1=" " ind2=" ">
    <subfield code="a">0005</subfield>
  </datafield>
  <datafield tag="970" ind1=" " ind2=" ">
    <subfield code="a">000279051CER</subfield>
  </datafield>
  <datafield tag="980" ind1=" " ind2=" ">
    <subfield code="a">BOOK</subfield>
  </datafield>
  <datafield tag="981" ind1=" " ind2=" ">
    <subfield code="a">002783827CER1</subfield>
  </datafield>
</record>