
<record>
  <controlfield tag="001">533917</controlfield>
  <controlfield tag="003">SzGeCERN</controlfield>
  <controlfield tag="005">20150225172915.0</controlfield>
  <datafield tag="020" ind1=" " ind2=" ">
    <subfield code="a">9780521472425</subfield>
    <subfield code="u">print version, hardback</subfield>
  </datafield>
  <datafield tag="020" ind1=" " ind2=" ">
    <subfield code="a">0521472423</subfield>
    <subfield code="u">print version, hardback</subfield>
  </datafield>
  <datafield tag="020" ind1=" " ind2=" ">
    <subfield code="a">9780521478144</subfield>
    <subfield code="u">print version, paperback</subfield>
  </datafield>
  <datafield tag="020" ind1=" " ind2=" ">
    <subfield code="a">0521478146</subfield>
    <subfield code="u">print version, paperback</subfield>
  </datafield>
  <datafield tag="980" ind1=" " ind2=" ">
    <subfield code="a">BOOK</subfield>
  </datafield>
  <datafield tag="690" ind1="C" ind2=" ">
    <subfield code="a">BOOK</subfield>
  </datafield>
  <datafield tag="970" ind1=" " ind2=" ">
    <subfield code="a">002290951CER</subfield>
  </datafield>
  <datafield tag="653" ind1="1" ind2=" ">
    <subfield code="9">CERN</subfield>
    <subfield code="a">Lagrangian formulation</subfield>
  </datafield>
  <datafield tag="653" ind1="1" ind2=" ">
    <subfield code="9">CERN</subfield>
    <subfield code="a">relativistic wave equations</subfield>
  </datafield>
  <datafield tag="653" ind1="1" ind2=" ">
    <subfield code="9">CERN</subfield>
    <subfield code="a">renormalisation</subfield>
  </datafield>
  <datafield tag="650" ind1="1" ind2="7">
    <subfield code="2">SzGeCERN</subfield>
    <subfield code="a">General Theoretical Physics</subfield>
  </datafield>
  <datafield tag="916" ind1=" " ind2=" ">
    <subfield code="s">h</subfield>
    <subfield code="w">200203</subfield>
  </datafield>
  <datafield tag="775" ind1=" " ind2=" ">
    <subfield code="b">1st ed.</subfield>
    <subfield code="c">1985</subfield>
    <subfield code="w">106264</subfield>
  </datafield>
  <datafield tag="852" ind1=" " ind2=" ">
    <subfield code="c">CERN Central Library</subfield>
    <subfield code="h">530.145.2 RYD</subfield>
  </datafield>
  <datafield tag="852" ind1=" " ind2=" ">
    <subfield code="c">CERN Depot 1, bldg. 2 (DE1)</subfield>
    <subfield code="h">530.145.2 RYD</subfield>
  </datafield>
  <datafield tag="856" ind1="4" ind2=" ">
    <subfield code="u">http://proquest.tech.safaribooksonline.de/?uiCode=CERN&amp;xmlId=9781139635905</subfield>
    <subfield code="y">ebook</subfield>
  </datafield>
  <datafield tag="300" ind1=" " ind2=" ">
    <subfield code="a">487 p</subfield>
  </datafield>
  <datafield tag="340" ind1=" " ind2=" ">
    <subfield code="a">paper</subfield>
  </datafield>
  <datafield tag="340" ind1=" " ind2=" ">
    <subfield code="a">ebook</subfield>
  </datafield>
  <datafield tag="505" ind1=" " ind2=" ">
    <subfield code="t">Cover; Title; Copyright; Contents; Preface to the first edition; Preface to the second edition; 1 Introduction: synopsis of particle physics; 1.1 Quantum field theory; 1.2 Gravitation; 1.3 Strong interactions; 1.4 Weak interactions; 1.5 Leptonic quantum numbers; 1.6 Hadronic quantum numbers; 1.7 Resonances; 1.8 The quark model; 1.9 SU(2), SU(3), SU(4), …; 1.10 Dynamical evidence for quarks; 1.11 Colour; 1.12 QCD; 1.13 Weak interactions; Guide to further reading; 2 Single-particle relativistic wave equations; 2.1 Relativistic notation; 2.2 Klein-Gordon equation; 2.3 Dirac equation</subfield>
  </datafield>
  <datafield tag="505" ind1=" " ind2=" ">
    <subfield code="t">SU(2) and the rotation groupSL(2, C) and the Lorentz group; 2.4 Prediction of antiparticles; 2.5 Construction of Dirac spinors: algebra of [gamma] matrices; 2.6 Non-relativistic limit and the electron magnetic moment; 2.7 The relevance of the Poincaré group: spin operators and the zero mass limit; 2.8 Maxwell and Proca equations; 2.9 Maxwell's equations and differential geometry; Summary; Guide to further reading; 3 Lagrangian formulation, symmetries and gauge fields; 3.1 Lagrangian formulation of particle mechanics; 3.2 The real scalar field: variational principle and Noether's theorem</subfield>
  </datafield>
  <datafield tag="505" ind1=" " ind2=" ">
    <subfield code="t">3.3 Complex scalar fields and the electromagnetic field3.4 Topology and the vacuum: the Bohm-Aharonov effect; 3.5 The Yang-Mills field; 3.6 The geometry of gauge fields; Summary; Guide to further reading; 4 Canonical quantisation and particle interpretation; 4.1 The real Klein-Gordon field; 4.2 The complex Klein-Gordon field; 4.3 The Dirac field; 4.4 The electromagnetic field; Radiation gauge quantisation; Lorentz gauge quantisation; 4.5 The massive vector field; Summary; Guide to further reading; 5 Path integrals and quantum mechanics; 5.1 Path-integral formulation of quantum mechanics</subfield>
  </datafield>
  <datafield tag="505" ind1=" " ind2=" ">
    <subfield code="t">5.2 Perturbation theory and the S matrix5.3 Coulomb scattering; 5.4 Functional calculus: differentiation; 5.5 Further properties of path integrals; Appendix: some useful integrals; Summary; Guide to further reading; 6 Path-integral quantisation and Feynman rules: scalar and spinor fields; 6.1 Generating functional for scalar fields; 6.2 Functional integration; 6.3 Free particle Green's functions; 6.4 Generating functionals for interacting fields; 6.5 [phi][sup(4)] theory; Generating functional; 2-point function; 4-point function; 6.6 Generating functional for connected diagrams</subfield>
  </datafield>
  <datafield tag="505" ind1=" " ind2=" ">
    <subfield code="t">6.7 Fermions and functional methods6.8 The S matrix and reduction formula; 6.9 Pion-nucleon scattering amplitude; 6.10 Scattering cross section; Summary; Guide to further reading; 7 Path-integral quantisation: gauge fields; 7.1 Propagators and gauge conditions in QED; Photon propagator - canonical formalism; Photon propagator - path-integral method; Gauge-fixing terms; Propagator for transverse photons; 7.2 Non-Abelian gauge fields and the Faddeev-Popov method; Feynman rules in the Lorentz gauge; Gauge-field propagator in the axial gauge; 7.3 Self-energy operator and vertex function</subfield>
  </datafield>
  <datafield tag="505" ind1=" " ind2=" ">
    <subfield code="t">Geometrical interpretation of the Legendre transformation</subfield>
  </datafield>
  <datafield tag="520" ind1=" " ind2=" ">
    <subfield code="a">A modern pedagogic introduction to the ideas and techniques of quantum field theory.</subfield>
  </datafield>
  <datafield tag="595" ind1=" " ind2=" ">
    <subfield code="a">SAF201403</subfield>
  </datafield>
  <datafield tag="595" ind1=" " ind2=" ">
    <subfield code="a">EBLlink deleted</subfield>
  </datafield>
  <datafield tag="080" ind1=" " ind2=" ">
    <subfield code="a">530.145.2</subfield>
  </datafield>
  <datafield tag="260" ind1=" " ind2=" ">
    <subfield code="a">Cambridge</subfield>
    <subfield code="b">Cambridge Univ. Press</subfield>
    <subfield code="c">1996</subfield>
  </datafield>
  <datafield tag="035" ind1=" " ind2=" ">
    <subfield code="a">2290951CERCER</subfield>
  </datafield>
  <datafield tag="100" ind1=" " ind2=" ">
    <subfield code="a">Ryder, Lewis H</subfield>
  </datafield>
  <datafield tag="041" ind1=" " ind2=" ">
    <subfield code="a">eng</subfield>
  </datafield>
  <datafield tag="964" ind1=" " ind2=" ">
    <subfield code="a">0002</subfield>
  </datafield>
  <datafield tag="245" ind1=" " ind2=" ">
    <subfield code="a">Quantum field theory</subfield>
  </datafield>
  <datafield tag="250" ind1=" " ind2=" ">
    <subfield code="a">2nd ed.</subfield>
  </datafield>
  <datafield tag="960" ind1=" " ind2=" ">
    <subfield code="a">21</subfield>
  </datafield>
  <datafield tag="961" ind1=" " ind2=" ">
    <subfield code="c">20080424</subfield>
    <subfield code="h">1026</subfield>
    <subfield code="l">CER01</subfield>
    <subfield code="x">20020122</subfield>
  </datafield>
  <datafield tag="963" ind1=" " ind2=" ">
    <subfield code="a">PUBLIC</subfield>
  </datafield>
</record>