
<record>
  <controlfield tag="001">1529015</controlfield>
  <controlfield tag="003">SzGeCERN</controlfield>
  <controlfield tag="005">20130318142207.0</controlfield>
  <datafield tag="020" ind1=" " ind2=" ">
    <subfield code="a">0071772006</subfield>
    <subfield code="u">print version, hardback</subfield>
  </datafield>
  <datafield tag="020" ind1=" " ind2=" ">
    <subfield code="a">9780071772006</subfield>
    <subfield code="u">print version, hardback</subfield>
  </datafield>
  <datafield tag="024" ind1="7" ind2=" ">
    <subfield code="2">ASIN</subfield>
    <subfield code="a">0071772006</subfield>
  </datafield>
  <datafield tag="041" ind1=" " ind2=" ">
    <subfield code="a">eng</subfield>
  </datafield>
  <datafield tag="100" ind1=" " ind2=" ">
    <subfield code="a">Sierra, Kathy</subfield>
  </datafield>
  <datafield tag="245" ind1=" " ind2=" ">
    <subfield code="a">Ocaocp java se 7 programmer i &amp; ii study guide (exams 1z0-803 &amp; 1z0-804) (certification press)</subfield>
  </datafield>
  <datafield tag="260" ind1=" " ind2=" ">
    <subfield code="b">McGraw-Hill Osborne Media</subfield>
    <subfield code="c">2013</subfield>
  </datafield>
  <datafield tag="269" ind1=" " ind2=" ">
    <subfield code="c">21 Jun 2013</subfield>
  </datafield>
  <datafield tag="300" ind1=" " ind2=" ">
    <subfield code="a">888 p</subfield>
  </datafield>
  <datafield tag="520" ind1=" " ind2=" ">
    <subfield code="a">From Oracle Press—the definitive, bestselling guide to the #1 certification for Java programmers, written and revised by the co-developers of the original SCJP exam OCA/OCP Java SE 7 Programmer I &amp; II Study Guide offers full coverage of Exams 1Z0-803 &amp; 1Z0-804, featuring in-depth, up-to-date details on all exam objectives. The book provides an integrated study system based on proven pedagogy--step-by-step exercises, special Exam Watch, Inside-the-Exam, and On-the-Job elements along with chapter self tests help reinforce and teach practical skills while preparing you for the exams. Electronic content includes MasterExam practice exam software featuring more than 100 questions and an Adobe Digital Edition ebook.OCA/OCP Java SE 7 Programmer I &amp; II Study Guide Covers all objectives for Exams 1Z0-803 &amp; 1Z0-804 Written by the co-developers of the original SCJP exam Filled with accurate test questions that simulate the type and style of questions found on the live exams Contains two complete practice exams—250+ challenging practice exam questions All practice questions include answer explanations for both the correct and incorrect options</subfield>
    <subfield code="9">Product Description</subfield>
  </datafield>
  <datafield tag="541" ind1=" " ind2=" ">
    <subfield code="9">$31.50</subfield>
  </datafield>
  <datafield tag="595" ind1=" " ind2=" ">
    <subfield code="a">AMZ201303</subfield>
  </datafield>
  <datafield tag="650" ind1="1" ind2="7">
    <subfield code="2">SzGeCERN</subfield>
    <subfield code="a">xx</subfield>
  </datafield>
  <datafield tag="653" ind1="1" ind2=" ">
    <subfield code="9">AMZ</subfield>
    <subfield code="a">3608</subfield>
  </datafield>
  <datafield tag="653" ind1="1" ind2=" ">
    <subfield code="9">AMZ</subfield>
    <subfield code="a">21</subfield>
  </datafield>
  <datafield tag="653" ind1="1" ind2=" ">
    <subfield code="9">AMZ</subfield>
    <subfield code="a">491314</subfield>
  </datafield>
  <datafield tag="690" ind1="C" ind2=" ">
    <subfield code="a">BOOKSUGGESTION</subfield>
  </datafield>
  <datafield tag="700" ind1=" " ind2=" ">
    <subfield code="a">Bates, Bert</subfield>
  </datafield>
  <datafield tag="916" ind1=" " ind2=" ">
    <subfield code="s">n</subfield>
    <subfield code="w">201312</subfield>
  </datafield>
  <datafield tag="960" ind1=" " ind2=" ">
    <subfield code="a">21</subfield>
  </datafield>
  <datafield tag="980" ind1=" " ind2=" ">
    <subfield code="a">BOOK</subfield>
  </datafield>
</record>