
<record>
  <controlfield tag="001">1690632</controlfield>
  <controlfield tag="003">SzGeCERN</controlfield>
  <controlfield tag="005">20140330000315.0</controlfield>
  <datafield tag="020" ind1=" " ind2=" ">
    <subfield code="a">0132777622</subfield>
    <subfield code="u">print version, hardback</subfield>
  </datafield>
  <datafield tag="020" ind1=" " ind2=" ">
    <subfield code="a">9780132777629</subfield>
    <subfield code="u">print version, hardback</subfield>
  </datafield>
  <datafield tag="024" ind1="7" ind2=" ">
    <subfield code="2">ASIN</subfield>
    <subfield code="a">0132777622</subfield>
  </datafield>
  <datafield tag="041" ind1=" " ind2=" ">
    <subfield code="a">eng</subfield>
  </datafield>
  <datafield tag="100" ind1=" " ind2=" ">
    <subfield code="a">Hibbeler, Russell C.</subfield>
  </datafield>
  <datafield tag="245" ind1=" " ind2=" ">
    <subfield code="a">Fluid mechanics</subfield>
  </datafield>
  <datafield tag="260" ind1=" " ind2=" ">
    <subfield code="b">Prentice Hall</subfield>
    <subfield code="c">2014</subfield>
  </datafield>
  <datafield tag="269" ind1=" " ind2=" ">
    <subfield code="c">13 Mar 2014</subfield>
  </datafield>
  <datafield tag="300" ind1=" " ind2=" ">
    <subfield code="a">928 p</subfield>
  </datafield>
  <datafield tag="520" ind1=" " ind2=" ">
    <subfield code="a">   Fluid Mechanics   is intended for use in Fluid Mechanics courses found in Civil  and Environmental, General Engineering, and Engineering Technology and Industrial Management departments. It is also serves as a suitable reference and introduction to Fluid Mechanics principles. 
      
   Fluid Mechanics  provides a comprehensive and well-illustrated introduction to the theory and application of Fluid Mechanics. The text presents a commitment to the development of student problem-solving skills and features many of the same pedagogical aids unique to Hibbeler texts. 
  
  MasteringEngineering for Fluid Mechanics is a total learning package that is designed to improve results through personalized learning. This innovative online program emulates the instructor’s office–hour environment, guiding students through engineering concepts from Fluid Mechanics with self-paced individualized coaching.
    
  Teaching and Learning Experience 
 This program will provide a better teaching and learning experience—for you and your students. It provides:
   Individualized Coaching: MasteringEngineering provides students with wrong-answer specific feedback and hints as they work through tutorial homework problems.  Problem Solving: A large variety of problem types stress practical, realistic situations encountered in professional practice, with varying levels of difficulty.  Visualization: The photos are designed to help students visualize difficult concepts.  Review and Student Support:A thorough end-of-chapter review provides students with a concise reviewing tool.  Accuracy Checking:The accuracy of the text and problem solutions has been thoroughly checked by other parties.  Alternative Coverage: After covering the basic principles in Chapters 1-6, the remaining chapters may be presented in any sequence, without the loss of continuity.   Note: You are purchasing a standalone product; MasteringEngineering does not come automatically packaged with this content. If you would like to purchase both the physical text and MasteringEngineering search for ISBN-10: 0133770001 /ISBN-13: 9780133770001. That package includes ISBN-10: 0132777622 /ISBN-13: 9780132777629 and ISBN-10: 0133820807 /ISBN-13: 9780133820805. MasteringEngineering is not a self-paced technology and should only be purchased when required by an instructor.
  
</subfield>
    <subfield code="9">Product Description</subfield>
  </datafield>
  <datafield tag="541" ind1=" " ind2=" ">
    <subfield code="9">$177.50</subfield>
  </datafield>
  <datafield tag="595" ind1=" " ind2=" ">
    <subfield code="a">AMZ201403</subfield>
  </datafield>
  <datafield tag="650" ind1="1" ind2="7">
    <subfield code="2">SzGeCERN</subfield>
    <subfield code="a">xx</subfield>
  </datafield>
  <datafield tag="653" ind1="1" ind2=" ">
    <subfield code="9">AMZ</subfield>
    <subfield code="a">21</subfield>
  </datafield>
  <datafield tag="653" ind1="1" ind2=" ">
    <subfield code="9">AMZ</subfield>
    <subfield code="a">14569</subfield>
  </datafield>
  <datafield tag="653" ind1="1" ind2=" ">
    <subfield code="9">AMZ</subfield>
    <subfield code="a">684291011</subfield>
  </datafield>
  <datafield tag="690" ind1="C" ind2=" ">
    <subfield code="a">BOOKSUGGESTION</subfield>
  </datafield>
  <datafield tag="916" ind1=" " ind2=" ">
    <subfield code="s">n</subfield>
    <subfield code="w">201414</subfield>
  </datafield>
  <datafield tag="960" ind1=" " ind2=" ">
    <subfield code="a">21</subfield>
  </datafield>
  <datafield tag="980" ind1=" " ind2=" ">
    <subfield code="a">BOOK</subfield>
  </datafield>
</record>