
<record>
  <controlfield tag="001">1538224</controlfield>
  <controlfield tag="003">SzGeCERN</controlfield>
  <controlfield tag="005">20130407001013.0</controlfield>
  <datafield tag="020" ind1=" " ind2=" ">
    <subfield code="a">1848875436</subfield>
    <subfield code="u">print version, hardback</subfield>
  </datafield>
  <datafield tag="020" ind1=" " ind2=" ">
    <subfield code="a">9781848875432</subfield>
    <subfield code="u">print version, hardback</subfield>
  </datafield>
  <datafield tag="024" ind1="7" ind2=" ">
    <subfield code="2">ASIN</subfield>
    <subfield code="a">1848875436</subfield>
  </datafield>
  <datafield tag="041" ind1=" " ind2=" ">
    <subfield code="a">eng</subfield>
  </datafield>
  <datafield tag="100" ind1=" " ind2=" ">
    <subfield code="a">Clark, Stuart</subfield>
  </datafield>
  <datafield tag="245" ind1=" " ind2=" ">
    <subfield code="a">Voyager: 101 wonders between earth and the edge of the cosmos</subfield>
  </datafield>
  <datafield tag="260" ind1=" " ind2=" ">
    <subfield code="b">Atlantic Books</subfield>
    <subfield code="c">2013</subfield>
  </datafield>
  <datafield tag="269" ind1=" " ind2=" ">
    <subfield code="c">1 Oct 2013</subfield>
  </datafield>
  <datafield tag="300" ind1=" " ind2=" ">
    <subfield code="a">240 p</subfield>
  </datafield>
  <datafield tag="520" ind1=" " ind2=" ">
    <subfield code="a">A fantastic voyage across 276 billion trillion miles of space and 13.5 billion years of time, told through more than 300 of the most dramatic astronomical images ever capturedThe 101 greatest sights between earth and the edge of the cosmos are depicted in this collection of more than 300 of the most beautiful space photographs ever taken. The dramatic large format makes the perfect showcase for the latest images from Hubble's new camera, and the majority of the photographs will be displayed at full or double page size. Readers should prepare to embark on a journey that will take them to the edge of the Universe and the beginning of time, crossing 46.5 billion light years of space and exploring 101 celestial wonders ranging from comets to quasars. They will start on Earth, nestled in the Orion Spur of the Milky Way Galaxy, near the center of the Local Group of galaxies, gravitationally bound to the Virgo Supercluster, but the entire universe is here to explore. There are photos of sand dunes snaking across the northern plains of Mars, driven by the winds of spring; alien cloudscapes of fluorescing gases; and secret nests of new stars hidden within. Hypergiant stars tear themselves to pieces, galaxies collide, and superclusters gather like motes of dust on a cosmic web. The journey that these photos represent is organized into four zones—interplanetary, interstellar, intergalactic, and, finally, intertemporal. Voyager's grand tour of space offers an unrivaled portrait of our cosmic habitat. Quite simply, there is no better way to see the Universe.</subfield>
    <subfield code="9">Product Description</subfield>
  </datafield>
  <datafield tag="595" ind1=" " ind2=" ">
    <subfield code="a">AMZ201304</subfield>
  </datafield>
  <datafield tag="650" ind1="1" ind2="7">
    <subfield code="2">SzGeCERN</subfield>
    <subfield code="a">xx</subfield>
  </datafield>
  <datafield tag="653" ind1="1" ind2=" ">
    <subfield code="9">AMZ</subfield>
    <subfield code="a">2020</subfield>
  </datafield>
  <datafield tag="653" ind1="1" ind2=" ">
    <subfield code="9">AMZ</subfield>
    <subfield code="a">13443</subfield>
  </datafield>
  <datafield tag="690" ind1="C" ind2=" ">
    <subfield code="a">BOOKSUGGESTION</subfield>
  </datafield>
  <datafield tag="916" ind1=" " ind2=" ">
    <subfield code="s">n</subfield>
    <subfield code="w">201315</subfield>
  </datafield>
  <datafield tag="960" ind1=" " ind2=" ">
    <subfield code="a">21</subfield>
  </datafield>
  <datafield tag="980" ind1=" " ind2=" ">
    <subfield code="a">BOOK</subfield>
  </datafield>
</record>