
<record>
  <controlfield tag="001">1538165</controlfield>
  <controlfield tag="003">SzGeCERN</controlfield>
  <controlfield tag="005">20130407001005.0</controlfield>
  <datafield tag="020" ind1=" " ind2=" ">
    <subfield code="a">0789750880</subfield>
    <subfield code="u">print version, hardback</subfield>
  </datafield>
  <datafield tag="020" ind1=" " ind2=" ">
    <subfield code="a">9780789750884</subfield>
    <subfield code="u">print version, hardback</subfield>
  </datafield>
  <datafield tag="024" ind1="7" ind2=" ">
    <subfield code="2">ASIN</subfield>
    <subfield code="a">0789750880</subfield>
  </datafield>
  <datafield tag="041" ind1=" " ind2=" ">
    <subfield code="a">eng</subfield>
  </datafield>
  <datafield tag="100" ind1=" " ind2=" ">
    <subfield code="a">Odom, Wendell</subfield>
  </datafield>
  <datafield tag="245" ind1=" " ind2=" ">
    <subfield code="a">Cisco ccna routing and switching 200-120 network simulator</subfield>
  </datafield>
  <datafield tag="260" ind1=" " ind2=" ">
    <subfield code="b">Pearson IT Certification</subfield>
    <subfield code="c">2013</subfield>
  </datafield>
  <datafield tag="269" ind1=" " ind2=" ">
    <subfield code="c">4 Nov 2013</subfield>
  </datafield>
  <datafield tag="300" ind1=" " ind2=" ">
    <subfield code="a">500 p</subfield>
  </datafield>
  <datafield tag="520" ind1=" " ind2=" ">
    <subfield code="a"> CCNA Network Simulator is a single-user software package. It helps users develop and enhance hands-on configuration and troubleshooting skills without the investment in expensive lab hardware. This state of the art simulation software allows users to practice their networking skills with 430 structured labs designed to reinforce CCNA exam topics, including router and switch navigation and administration, LAN switching, IP addressing, routing, WANs, VLANs and trunking, IP routing protocols, scaling IP, and troubleshooting.   Users will experience realistic network device response as they work through each of the labs developed by bestselling author and expert instructor Wendell Odom. The software comes complete with 430 structured labs, including skill building configuration exercises, configuration scenarios, complex troubleshooting scenarios, and subnetting exercises. All the labs are developed with the objective of gaining the hands-on skills necessary to successfully answer the simulation and scenario-based questions on the actual CCNA exam. Each lab includes detailed instructions, topology diagrams, full answers and complete explanations.      In addition to the 430 hands-on labs, the software comes complete with 25 free play lab topologies that allow users to create their own labs using common lab device arrangements.</subfield>
    <subfield code="9">Product Description</subfield>
  </datafield>
  <datafield tag="541" ind1=" " ind2=" ">
    <subfield code="9">$127.49</subfield>
  </datafield>
  <datafield tag="595" ind1=" " ind2=" ">
    <subfield code="a">AMZ201304</subfield>
  </datafield>
  <datafield tag="650" ind1="1" ind2="7">
    <subfield code="2">SzGeCERN</subfield>
    <subfield code="a">xx</subfield>
  </datafield>
  <datafield tag="653" ind1="1" ind2=" ">
    <subfield code="9">AMZ</subfield>
    <subfield code="a">379347011</subfield>
  </datafield>
  <datafield tag="653" ind1="1" ind2=" ">
    <subfield code="9">AMZ</subfield>
    <subfield code="a">3741</subfield>
  </datafield>
  <datafield tag="653" ind1="1" ind2=" ">
    <subfield code="9">AMZ</subfield>
    <subfield code="a">468204</subfield>
  </datafield>
  <datafield tag="690" ind1="C" ind2=" ">
    <subfield code="a">BOOKSUGGESTION</subfield>
  </datafield>
  <datafield tag="700" ind1=" " ind2=" ">
    <subfield code="a">Wilkins, Sean</subfield>
  </datafield>
  <datafield tag="916" ind1=" " ind2=" ">
    <subfield code="s">n</subfield>
    <subfield code="w">201315</subfield>
  </datafield>
  <datafield tag="960" ind1=" " ind2=" ">
    <subfield code="a">21</subfield>
  </datafield>
  <datafield tag="980" ind1=" " ind2=" ">
    <subfield code="a">BOOK</subfield>
  </datafield>
</record>