
<record>
  <controlfield tag="001">1538166</controlfield>
  <controlfield tag="003">SzGeCERN</controlfield>
  <controlfield tag="005">20130407001005.0</controlfield>
  <datafield tag="020" ind1=" " ind2=" ">
    <subfield code="a">1587144875</subfield>
    <subfield code="u">print version, hardback</subfield>
  </datafield>
  <datafield tag="020" ind1=" " ind2=" ">
    <subfield code="a">9781587144875</subfield>
    <subfield code="u">print version, hardback</subfield>
  </datafield>
  <datafield tag="024" ind1="7" ind2=" ">
    <subfield code="2">ASIN</subfield>
    <subfield code="a">1587144875</subfield>
  </datafield>
  <datafield tag="041" ind1=" " ind2=" ">
    <subfield code="a">eng</subfield>
  </datafield>
  <datafield tag="100" ind1=" " ind2=" ">
    <subfield code="a">Odom, Wendell</subfield>
  </datafield>
  <datafield tag="245" ind1=" " ind2=" ">
    <subfield code="a">Cisco ccna routing and switching 200-120 official cert guide library, academic edition</subfield>
  </datafield>
  <datafield tag="260" ind1=" " ind2=" ">
    <subfield code="b">Cisco Press</subfield>
    <subfield code="c">2013</subfield>
  </datafield>
  <datafield tag="269" ind1=" " ind2=" ">
    <subfield code="c">11 Jul 2013</subfield>
  </datafield>
  <datafield tag="300" ind1=" " ind2=" ">
    <subfield code="a">1700 p</subfield>
  </datafield>
  <datafield tag="520" ind1=" " ind2=" ">
    <subfield code="a">The new edition of bestselling CCNA 200-120 Cert Guide Library, Academic Edition by Wendell Odom textbook and study package for a beginner to intermediate-level networking course. The two books in this package: CCENT/CCNA ICND1 100-101 Official Cert Guide, Academic Edition and CCNA ICND2 200-101 Official Cert Guide, Academic Edition have been completely revised to align to Cisco's new CCNA 200-120 exam. Material is presented in a concise manner, focusing on increasing student's retention and recall of exam topics. The books are printed in four color, allowing students to benefit from carefully crafted figures that utilize color to convey concepts. Students will organize their study through the use of the consistent features in the chapters, including:     •             Foundation Topics – These sections make up the majority of the page count, explaining concepts, configurations, with emphasis on the theory and concepts, and with linking the theory to the meaning of the configuration commands.   •             Key Topics – Inside the Foundation Topics sections, every figure, table, or list that should absolutely be understood and remembered for the exam is noted with the words “Key Topic” in the margin. This tool allows the reader to quickly review the most important details in each chapter.   •             Chapter-ending Summaries – These bulleted lists provide a quick and concise review of the key topics covered in each chapter.  •             Chapter-ending Review Questions – Each chapter provides a set of multiple choice questions that help student’s test their knowledge of the chapter concepts, including answers and full explanations.  •             Chapter-ending Exercises – Each chapter concludes with a series of exercises designed to help students increase their retention of the chapter content including key term reviews, key topic tables, command review exercises, and memory table exercises.  •             Part Reviews – This new edition includes a new part review feature that helps students consolidate their knowledge of concepts presented across multiple chapters. A new mind mapping exercise helps students build strong mental maps of concepts. A new exam bank of part review questions helps students test themselves with scenario-based questions that span multiple topics.      In addition to these powerful chapter learning, review, and practice features, this book also contains several other features that make it a truly effective and comprehensive study package, including:     •             Getting Started chapters at the beginning of each book. These are great overviews of the books and offer terrific advice for how to build an effective study plan.   •             The DVD contains over 150 minutes of video mentoring from the author on challenging topics such as CLI navigation, router configuration, switch basics, VLANs, subnetting, OSPF, EIGRP, EIGRP Metrics, PPP, and CHAP.  •             The books come complete with the CCENT ICND1 and CCNA ICND2 Network Simulator Lite software, providing students with the opportunity to practice their hands-on command line interface skills with Cisco routers and switches. The 26 labs included for free with this product cover a range of IP addressing and EIGRP configuration and troubleshooting exercises.  •             The Pearson IT Certification Practice Test software that comes with the books includes 4 full ICND1 exams, 4 full ICND2 exams and 8 full CCNA exams, providing tons of opportunities to assess and practice. Including the book review questions and part review questions, the exam banks includes more than 900 unique practice questions.   •             This book also comes with free versions of the Premium Edition eBooks, allowing students to access the digital copies in PDF, EPUB, or Kindle format on their computer or mobile device.  •             Final Preparation Chapters help students review for final exams and prepare to take the official Cisco CCNA exams, if they want to achieve that certification.  •             Study Plan Templates are included on the DVD to help students organize their study time.</subfield>
    <subfield code="9">Product Description</subfield>
  </datafield>
  <datafield tag="541" ind1=" " ind2=" ">
    <subfield code="9">$85.50</subfield>
  </datafield>
  <datafield tag="595" ind1=" " ind2=" ">
    <subfield code="a">AMZ201304</subfield>
  </datafield>
  <datafield tag="650" ind1="1" ind2="7">
    <subfield code="2">SzGeCERN</subfield>
    <subfield code="a">xx</subfield>
  </datafield>
  <datafield tag="653" ind1="1" ind2=" ">
    <subfield code="9">AMZ</subfield>
    <subfield code="a">379347011</subfield>
  </datafield>
  <datafield tag="653" ind1="1" ind2=" ">
    <subfield code="9">AMZ</subfield>
    <subfield code="a">3741</subfield>
  </datafield>
  <datafield tag="653" ind1="1" ind2=" ">
    <subfield code="9">AMZ</subfield>
    <subfield code="a">468204</subfield>
  </datafield>
  <datafield tag="690" ind1="C" ind2=" ">
    <subfield code="a">BOOKSUGGESTION</subfield>
  </datafield>
  <datafield tag="916" ind1=" " ind2=" ">
    <subfield code="s">n</subfield>
    <subfield code="w">201315</subfield>
  </datafield>
  <datafield tag="960" ind1=" " ind2=" ">
    <subfield code="a">21</subfield>
  </datafield>
  <datafield tag="980" ind1=" " ind2=" ">
    <subfield code="a">BOOK</subfield>
  </datafield>
</record>