
<record>
  <controlfield tag="001">1554113</controlfield>
  <controlfield tag="003">SzGeCERN</controlfield>
  <controlfield tag="005">20130609000211.0</controlfield>
  <datafield tag="020" ind1=" " ind2=" ">
    <subfield code="a">9144084994</subfield>
    <subfield code="u">print version, paperback</subfield>
  </datafield>
  <datafield tag="020" ind1=" " ind2=" ">
    <subfield code="a">9789144084992</subfield>
    <subfield code="u">print version, paperback</subfield>
  </datafield>
  <datafield tag="024" ind1="7" ind2=" ">
    <subfield code="2">ASIN</subfield>
    <subfield code="a">9144084994</subfield>
  </datafield>
  <datafield tag="041" ind1=" " ind2=" ">
    <subfield code="a">eng</subfield>
  </datafield>
  <datafield tag="100" ind1=" " ind2=" ">
    <subfield code="a">Jansson, Rowena</subfield>
  </datafield>
  <datafield tag="245" ind1=" " ind2=" ">
    <subfield code="a">English for scientific research</subfield>
  </datafield>
  <datafield tag="260" ind1=" " ind2=" ">
    <subfield code="b">Studentlitteratur AB</subfield>
    <subfield code="c">2013</subfield>
  </datafield>
  <datafield tag="269" ind1=" " ind2=" ">
    <subfield code="c">21 May 2013</subfield>
  </datafield>
  <datafield tag="300" ind1=" " ind2=" ">
    <subfield code="a">184 p</subfield>
  </datafield>
  <datafield tag="520" ind1=" " ind2=" ">
    <subfield code="a">"English for Scientific Research" is a practical guide and reference book for those seeking clear guidelines for writing academic articles in the English language. Models are scientific texts but the language points and structures are applicable to all empirical research. The basic aspects of English grammar relevant to scientific writing in general are explained initially. Other chapters provide reviews, analysis and commentary on published articles. Relevant language and structural patterns, typical of abstracts, summaries, introductions, methods, results, discussions and conclusions are demonstrated, then discussed and practised in context. Self-study exercises are designed for readers to comment then compare their comments with the detailed discussion in the keys. The purpose is to show how clear, correct and elegant English can be produced confidently in research papers. All researchers who are not native speakers of English will find this book a useful and practical support in their research writing. Doctoral students will find it essential.</subfield>
    <subfield code="9">Product Description</subfield>
  </datafield>
  <datafield tag="541" ind1=" " ind2=" ">
    <subfield code="9">$35.82</subfield>
  </datafield>
  <datafield tag="595" ind1=" " ind2=" ">
    <subfield code="a">AMZ201306</subfield>
  </datafield>
  <datafield tag="650" ind1="1" ind2="7">
    <subfield code="2">SzGeCERN</subfield>
    <subfield code="a">xx</subfield>
  </datafield>
  <datafield tag="653" ind1="1" ind2=" ">
    <subfield code="9">AMZ</subfield>
    <subfield code="a">170945</subfield>
  </datafield>
  <datafield tag="653" ind1="1" ind2=" ">
    <subfield code="9">AMZ</subfield>
    <subfield code="a">12053</subfield>
  </datafield>
  <datafield tag="653" ind1="1" ind2=" ">
    <subfield code="9">AMZ</subfield>
    <subfield code="a">13640</subfield>
  </datafield>
  <datafield tag="690" ind1="C" ind2=" ">
    <subfield code="a">BOOKSUGGESTION</subfield>
  </datafield>
  <datafield tag="916" ind1=" " ind2=" ">
    <subfield code="s">n</subfield>
    <subfield code="w">201324</subfield>
  </datafield>
  <datafield tag="960" ind1=" " ind2=" ">
    <subfield code="a">21</subfield>
  </datafield>
  <datafield tag="980" ind1=" " ind2=" ">
    <subfield code="a">BOOK</subfield>
  </datafield>
</record>