
<record>
  <controlfield tag="001">1538185</controlfield>
  <controlfield tag="003">SzGeCERN</controlfield>
  <controlfield tag="005">20130407001008.0</controlfield>
  <datafield tag="020" ind1=" " ind2=" ">
    <subfield code="a">0956817165</subfield>
    <subfield code="u">print version, paperback</subfield>
  </datafield>
  <datafield tag="020" ind1=" " ind2=" ">
    <subfield code="a">9780956817167</subfield>
    <subfield code="u">print version, paperback</subfield>
  </datafield>
  <datafield tag="024" ind1="7" ind2=" ">
    <subfield code="2">ASIN</subfield>
    <subfield code="a">0956817165</subfield>
  </datafield>
  <datafield tag="041" ind1=" " ind2=" ">
    <subfield code="a">eng</subfield>
  </datafield>
  <datafield tag="100" ind1=" " ind2=" ">
    <subfield code="a">Cummings, Steven</subfield>
  </datafield>
  <datafield tag="245" ind1=" " ind2=" ">
    <subfield code="a">Beginner's guide to creating manga art: learn to draw, color and design characters</subfield>
  </datafield>
  <datafield tag="260" ind1=" " ind2=" ">
    <subfield code="b">3DTotal Publishing</subfield>
    <subfield code="c">2013</subfield>
  </datafield>
  <datafield tag="269" ind1=" " ind2=" ">
    <subfield code="c">2 Apr 2013</subfield>
  </datafield>
  <datafield tag="300" ind1=" " ind2=" ">
    <subfield code="a">240 p</subfield>
  </datafield>
  <datafield tag="520" ind1=" " ind2=" ">
    <subfield code="a">With the recent influx of Far East games, anime, and comics into the western world, manga is becoming an increasingly popular art form. Beginner's Guide to Creating Manga Art explores the core aspects of this emerging artistic style and takes you through the process of designing manga-style characters from the initial concept to full-color images. The diversity of the authors featured in these pages offers an exciting blend of perspectives and techniques from around the world, with industry greats including Steven Cummings (an American comic book artist whose clients include Marvel and DC Comics) and Gonzalo Ordoñez (the author of Legendary Visions: The Art of Genzoman) among the leading names. These talented artists open a window into their world and present tutorials covering everything from drawing features, anatomy, and expressions to designing clothing, perfecting poses, and coloring characters with a mixture of traditional and digital artistic tools.
Bursting with knowledge and brilliant artwork, Beginner’s Guide to Creating Manga Art offers a comprehensive, practical guide to this up-and-coming art form and is an unmissable title for anyone wanting to learn how to capture that classic manga style.
Steven Cummings is an American comic book artist who has worked for the likes of DC Comics and Marvel Comics, and is currently a member of the famous Udon Entertainment team in Japan.
Gonzalo Ordoñez specializes in manga characters and is the author of the popular book Legendary Visions: The Art of Genzoman.
</subfield>
    <subfield code="9">Product Description</subfield>
  </datafield>
  <datafield tag="541" ind1=" " ind2=" ">
    <subfield code="9">$12.22</subfield>
  </datafield>
  <datafield tag="595" ind1=" " ind2=" ">
    <subfield code="a">AMZ201304</subfield>
  </datafield>
  <datafield tag="650" ind1="1" ind2="7">
    <subfield code="2">SzGeCERN</subfield>
    <subfield code="a">xx</subfield>
  </datafield>
  <datafield tag="653" ind1="1" ind2=" ">
    <subfield code="9">AMZ</subfield>
    <subfield code="a">1855</subfield>
  </datafield>
  <datafield tag="653" ind1="1" ind2=" ">
    <subfield code="9">AMZ</subfield>
    <subfield code="a">10825731</subfield>
  </datafield>
  <datafield tag="653" ind1="1" ind2=" ">
    <subfield code="9">AMZ</subfield>
    <subfield code="a">197504011</subfield>
  </datafield>
  <datafield tag="653" ind1="1" ind2=" ">
    <subfield code="9">AMZ</subfield>
    <subfield code="a">1839</subfield>
  </datafield>
  <datafield tag="653" ind1="1" ind2=" ">
    <subfield code="9">AMZ</subfield>
    <subfield code="a">4134</subfield>
  </datafield>
  <datafield tag="690" ind1="C" ind2=" ">
    <subfield code="a">BOOKSUGGESTION</subfield>
  </datafield>
  <datafield tag="700" ind1=" " ind2=" ">
    <subfield code="a">Ordonez, Gonzalo</subfield>
  </datafield>
  <datafield tag="916" ind1=" " ind2=" ">
    <subfield code="s">n</subfield>
    <subfield code="w">201315</subfield>
  </datafield>
  <datafield tag="960" ind1=" " ind2=" ">
    <subfield code="a">21</subfield>
  </datafield>
  <datafield tag="980" ind1=" " ind2=" ">
    <subfield code="a">BOOK</subfield>
  </datafield>
</record>