
<record>
  <controlfield tag="001">1538193</controlfield>
  <controlfield tag="003">SzGeCERN</controlfield>
  <controlfield tag="005">20130407001009.0</controlfield>
  <datafield tag="020" ind1=" " ind2=" ">
    <subfield code="a">0976259540</subfield>
    <subfield code="u">print version, paperback</subfield>
  </datafield>
  <datafield tag="020" ind1=" " ind2=" ">
    <subfield code="a">9780976259541</subfield>
    <subfield code="u">print version, paperback</subfield>
  </datafield>
  <datafield tag="024" ind1="7" ind2=" ">
    <subfield code="2">ASIN</subfield>
    <subfield code="a">0976259540</subfield>
  </datafield>
  <datafield tag="041" ind1=" " ind2=" ">
    <subfield code="a">eng</subfield>
  </datafield>
  <datafield tag="100" ind1=" " ind2=" ">
    <subfield code="a">Ozer, Jan Lee</subfield>
  </datafield>
  <datafield tag="245" ind1=" " ind2=" ">
    <subfield code="a">Producing streaming video for multiple screen delivery</subfield>
  </datafield>
  <datafield tag="260" ind1=" " ind2=" ">
    <subfield code="b">Doceo Publishing</subfield>
    <subfield code="c">2013</subfield>
  </datafield>
  <datafield tag="269" ind1=" " ind2=" ">
    <subfield code="c">1 Apr 2013</subfield>
  </datafield>
  <datafield tag="300" ind1=" " ind2=" ">
    <subfield code="a">436 p</subfield>
  </datafield>
  <datafield tag="520" ind1=" " ind2=" ">
    <subfield code="a">Producing Streaming Video for Multiple Screen Delivery is a professional reference for producers seeking to distribute streaming video to the widest possible audience, including computers, smartphones and tablets, and Over the Top (OTT) devices. Written by Jan Ozer, this book delivers the lessons learned from years of producing and consulting on streaming, and serving as a contributing editor to the industry bible, Streaming Media Magazine.  In this book, you will learn: • The fundamentals of video streaming and compression, including adaptive streaming and H.264 encoding, and new technologies like DASH, HTML5 and HEVC. • How to configure a single group of files to distribute to computers, mobile and OTT devices, and when it’s better to customize files for different target platforms.  • How to most efficiently produce maximum quality video using tools like the Adobe Media Encoder, Apple Compressor, Sorenson Squeeze and Telestream Episode Pro.  • How to choose an enterprise class encoder, with extensive discussions of workflow tools like Telestream Vantage and the ProMedia Workflow System from Harmonic.  • How to choose between setting up your own streaming server or using an online video platform (OVP) and the most relevant questions to ask before choosing an OVP service provider.  • The best technology options for producing a live event, from choosing an encoding tool or 4G delivery platform, to choosing a streaming media server or Live Streaming Service Provider (LSSP) like Livestream or Ustream.  • When to consider using a rich media presentation system like Sonic Foundry MediaSite or MediaPlatform WebCaster and how to choose between the available systems.  • Which producers need to add closed captions to their streaming videos and how to do so.  This book is the successor to Ozer’s highly regarded Video Compression for Flash, Apple Devices and HTML5, which has earned a five-star rating on Amazon and is used as a textbook by many colleges and universities. Published over two years after Video Compression, however, Producing Streaming Video for Multiple Screen Delivery is almost a complete rewrite, and contains links to the dozens of product reviews and video tutorials published and produced by Ozer over the last 24 months.</subfield>
    <subfield code="9">Product Description</subfield>
  </datafield>
  <datafield tag="541" ind1=" " ind2=" ">
    <subfield code="9">$35.96</subfield>
  </datafield>
  <datafield tag="595" ind1=" " ind2=" ">
    <subfield code="a">AMZ201304</subfield>
  </datafield>
  <datafield tag="650" ind1="1" ind2="7">
    <subfield code="2">SzGeCERN</subfield>
    <subfield code="a">xx</subfield>
  </datafield>
  <datafield tag="653" ind1="1" ind2=" ">
    <subfield code="9">AMZ</subfield>
    <subfield code="a">377895011</subfield>
  </datafield>
  <datafield tag="653" ind1="1" ind2=" ">
    <subfield code="9">AMZ</subfield>
    <subfield code="a">377548011</subfield>
  </datafield>
  <datafield tag="653" ind1="1" ind2=" ">
    <subfield code="9">AMZ</subfield>
    <subfield code="a">13809</subfield>
  </datafield>
  <datafield tag="690" ind1="C" ind2=" ">
    <subfield code="a">BOOKSUGGESTION</subfield>
  </datafield>
  <datafield tag="916" ind1=" " ind2=" ">
    <subfield code="s">n</subfield>
    <subfield code="w">201315</subfield>
  </datafield>
  <datafield tag="960" ind1=" " ind2=" ">
    <subfield code="a">21</subfield>
  </datafield>
  <datafield tag="980" ind1=" " ind2=" ">
    <subfield code="a">BOOK</subfield>
  </datafield>
</record>