
<record>
  <controlfield tag="001">1976469</controlfield>
  <controlfield tag="003">SzGeCERN</controlfield>
  <controlfield tag="005">20150126103612.0</controlfield>
  <datafield tag="020" ind1=" " ind2=" ">
    <subfield code="a">1935437887</subfield>
    <subfield code="u">print version, paperback</subfield>
  </datafield>
  <datafield tag="020" ind1=" " ind2=" ">
    <subfield code="a">9781935437888</subfield>
    <subfield code="u">print version, paperback</subfield>
  </datafield>
  <datafield tag="024" ind1="7" ind2=" ">
    <subfield code="2">ASIN</subfield>
    <subfield code="a">1935437887</subfield>
  </datafield>
  <datafield tag="041" ind1=" " ind2=" ">
    <subfield code="a">eng</subfield>
  </datafield>
  <datafield tag="100" ind1=" " ind2=" ">
    <subfield code="a">Gay, Sarah</subfield>
  </datafield>
  <datafield tag="245" ind1=" " ind2=" ">
    <subfield code="a">The gentle ESL way</subfield>
    <subfield code="b">chaos to order in formation of English as a second language</subfield>
  </datafield>
  <datafield tag="260" ind1=" " ind2=" ">
    <subfield code="b">Imago Press</subfield>
    <subfield code="c">2014</subfield>
  </datafield>
  <datafield tag="269" ind1=" " ind2=" ">
    <subfield code="c">25 Nov 2014</subfield>
  </datafield>
  <datafield tag="300" ind1=" " ind2=" ">
    <subfield code="a">244 p</subfield>
  </datafield>
  <datafield tag="520" ind1=" " ind2=" ">
    <subfield code="9">Product Description</subfield>
    <subfield code="a">If you have ever questioned whether you could help someone learn to speak English, the answer is: Yes you can. As a new teacher or volunteer teacher, you can help newcomers to your community express themselves in English as their second language. The Gentle ESL Way's purpose is to offer those who are contemplating teaching ESL a new confidence and firm foundation for working with their students. This approach for helping non-English speakers provides an understanding of the nature of English as a form of sound vibration. This foundation leads an ESL teacher into the use of music, chants, songs, poetry, and metaphor to help students "feel" English as a form of vibratory energy. Often students can puzzle together the working of grammar rules. They may read and write in English, but be unable to make the shift into speaking or meet their most pressing need to communicate. Helping students speak English is greatly enhanced and enlivened by viewing speaking as a natural process of new self-expression using new energy. Students develop the ability to speak as a process over time, and this relieves the teacher's stress of being solely responsible for students becoming bilingual. The Gentle ESL Way approach is supported  by new information from new science about how Nature and the nature of language work. It provides a much needed scientific rationale and a comprehensive view of what second language teaching is all about, what language is, and how it  forms organically as a function of the body. The new teacher can begin teaching with confidence as Nature's assistant and observer as English naturally happens to students. Also, with this perspective the new teacher can experience all the pieces of  ESL - listening, speaking, reading,  and writing - as a connected whole. The connectedness of teacher and student within Nature's process enables teachers to be themselves, to relax and enjoy the visible changes as their students become new speakers of English.</subfield>
  </datafield>
  <datafield tag="541" ind1=" " ind2=" ">
    <subfield code="9">$13.47</subfield>
  </datafield>
  <datafield tag="595" ind1=" " ind2=" ">
    <subfield code="a">AMZ201412</subfield>
  </datafield>
  <datafield tag="650" ind1="1" ind2="7">
    <subfield code="2">SzGeCERN</subfield>
    <subfield code="a">xx</subfield>
  </datafield>
  <datafield tag="653" ind1="1" ind2=" ">
    <subfield code="9">AMZ</subfield>
    <subfield code="a">11970</subfield>
  </datafield>
  <datafield tag="653" ind1="1" ind2=" ">
    <subfield code="9">AMZ</subfield>
    <subfield code="a">11823</subfield>
  </datafield>
  <datafield tag="653" ind1="1" ind2=" ">
    <subfield code="9">AMZ</subfield>
    <subfield code="a">13567</subfield>
  </datafield>
  <datafield tag="653" ind1="1" ind2=" ">
    <subfield code="9">AMZ</subfield>
    <subfield code="a">15959731</subfield>
  </datafield>
  <datafield tag="690" ind1="C" ind2=" ">
    <subfield code="a">BOOKSUGGESTION</subfield>
  </datafield>
  <datafield tag="916" ind1=" " ind2=" ">
    <subfield code="s">n</subfield>
    <subfield code="w">201450</subfield>
  </datafield>
  <datafield tag="960" ind1=" " ind2=" ">
    <subfield code="a">21</subfield>
  </datafield>
  <datafield tag="980" ind1=" " ind2=" ">
    <subfield code="a">BOOK</subfield>
  </datafield>
</record>