
<record>
  <controlfield tag="001">1976471</controlfield>
  <controlfield tag="003">SzGeCERN</controlfield>
  <controlfield tag="005">20141214003215.0</controlfield>
  <datafield tag="020" ind1=" " ind2=" ">
    <subfield code="a">1482206226</subfield>
    <subfield code="u">print version, hardback</subfield>
  </datafield>
  <datafield tag="020" ind1=" " ind2=" ">
    <subfield code="a">9781482206227</subfield>
    <subfield code="u">print version, hardback</subfield>
  </datafield>
  <datafield tag="024" ind1="7" ind2=" ">
    <subfield code="2">ASIN</subfield>
    <subfield code="a">1482206226</subfield>
  </datafield>
  <datafield tag="041" ind1=" " ind2=" ">
    <subfield code="a">eng</subfield>
  </datafield>
  <datafield tag="100" ind1=" " ind2=" ">
    <subfield code="a">Kelly, P.F.</subfield>
  </datafield>
  <datafield tag="245" ind1=" " ind2=" ">
    <subfield code="a">Properties of materials</subfield>
  </datafield>
  <datafield tag="260" ind1=" " ind2=" ">
    <subfield code="b">CRC Press</subfield>
    <subfield code="c">2014</subfield>
  </datafield>
  <datafield tag="269" ind1=" " ind2=" ">
    <subfield code="c">3 Dec 2014</subfield>
  </datafield>
  <datafield tag="300" ind1=" " ind2=" ">
    <subfield code="a">427 p</subfield>
  </datafield>
  <datafield tag="520" ind1=" " ind2=" ">
    <subfield code="a">The second volume in the author’s three-part series, Properties of Materials uses the principles of classical mechanics to qualitatively and quantitatively model specific features of matter.  The text develops linear models of elasticity to correlate and quantify the changes in an object’s shape induced by the application of a constant force. It describes quiescent and flowing liquids and gases and examines the behavior of oscillating systems subjected to time-dependent external applied forces. The author employs linear superposition to analyze the combined effects of two or more waves simultaneously present in a medium, such as standing waves, beating, interference, and diffraction. The book considers acoustics, including the production, propagation, and perception of sound, as well as optics, including the laws of reflection and refraction. It also treats temperature, heat, and thermometry before applying the laws of thermodynamics to ideal gas systems. Throughout the investigations of particular phenomena, the author emphasizes the modeling of composite systems assembled from simple constituents.   This text extends the rigorous calculus-based introduction to classical physics begun in his Elements of Mechanics. With more than 300 problems, it can serve as a primary textbook in an introductory physics course, as a student supplement, or as an exam review for graduate or professional studies. Solutions manual available upon qualifying course adoption  View the author’s related textbooks Elements of Mechanics and Electricity and Magnetism. Read reviews of Elements of Mechanics.</subfield>
    <subfield code="9">Product Description</subfield>
  </datafield>
  <datafield tag="541" ind1=" " ind2=" ">
    <subfield code="9">$74.20</subfield>
  </datafield>
  <datafield tag="595" ind1=" " ind2=" ">
    <subfield code="a">AMZ201412</subfield>
  </datafield>
  <datafield tag="650" ind1="1" ind2="7">
    <subfield code="2">SzGeCERN</subfield>
    <subfield code="a">xx</subfield>
  </datafield>
  <datafield tag="653" ind1="1" ind2=" ">
    <subfield code="9">AMZ</subfield>
    <subfield code="a">226704</subfield>
  </datafield>
  <datafield tag="653" ind1="1" ind2=" ">
    <subfield code="9">AMZ</subfield>
    <subfield code="a">21</subfield>
  </datafield>
  <datafield tag="653" ind1="1" ind2=" ">
    <subfield code="9">AMZ</subfield>
    <subfield code="a">226697</subfield>
  </datafield>
  <datafield tag="653" ind1="1" ind2=" ">
    <subfield code="9">AMZ</subfield>
    <subfield code="a">14573</subfield>
  </datafield>
  <datafield tag="653" ind1="1" ind2=" ">
    <subfield code="9">AMZ</subfield>
    <subfield code="a">14585</subfield>
  </datafield>
  <datafield tag="653" ind1="1" ind2=" ">
    <subfield code="9">AMZ</subfield>
    <subfield code="a">491732</subfield>
  </datafield>
  <datafield tag="690" ind1="C" ind2=" ">
    <subfield code="a">BOOKSUGGESTION</subfield>
  </datafield>
  <datafield tag="916" ind1=" " ind2=" ">
    <subfield code="s">n</subfield>
    <subfield code="w">201450</subfield>
  </datafield>
  <datafield tag="960" ind1=" " ind2=" ">
    <subfield code="a">21</subfield>
  </datafield>
  <datafield tag="980" ind1=" " ind2=" ">
    <subfield code="a">BOOK</subfield>
  </datafield>
</record>