
<record>
  <controlfield tag="001">1976472</controlfield>
  <controlfield tag="003">SzGeCERN</controlfield>
  <controlfield tag="005">20141214003215.0</controlfield>
  <datafield tag="020" ind1=" " ind2=" ">
    <subfield code="a">1937731200</subfield>
    <subfield code="u">print version, paperback</subfield>
  </datafield>
  <datafield tag="020" ind1=" " ind2=" ">
    <subfield code="a">9781937731205</subfield>
    <subfield code="u">print version, paperback</subfield>
  </datafield>
  <datafield tag="024" ind1="7" ind2=" ">
    <subfield code="2">ASIN</subfield>
    <subfield code="a">1937731200</subfield>
  </datafield>
  <datafield tag="041" ind1=" " ind2=" ">
    <subfield code="a">eng</subfield>
  </datafield>
  <datafield tag="100" ind1=" " ind2=" ">
    <subfield code="a">Clair, Pierre St.</subfield>
  </datafield>
  <datafield tag="245" ind1=" " ind2=" ">
    <subfield code="a">Cosmology on trial: cracking the cosmic code</subfield>
  </datafield>
  <datafield tag="260" ind1=" " ind2=" ">
    <subfield code="b">Torchlight Publishing</subfield>
    <subfield code="c">2014</subfield>
  </datafield>
  <datafield tag="269" ind1=" " ind2=" ">
    <subfield code="c">5 Dec 2014</subfield>
  </datafield>
  <datafield tag="300" ind1=" " ind2=" ">
    <subfield code="a">346 p</subfield>
  </datafield>
  <datafield tag="520" ind1=" " ind2=" ">
    <subfield code="a">Exposing problems with Origin of the Universe theories The May/2014 issue of Scientific American highlighted a major calamity • theorists working in particle physics admit they’re in a state of “confusion” • there is “widespread panic” that particle physicists may be barking up the wrong tree • Science periodicals, forums, and blog posts suggest revising fundamental principles to resolve the “crisis in physics”  Cosmology on Trial is an all-inclusive cosmology journal introducing the reader to many unexplained and unsolved mysteries of the universe.  QUOTES FROM PHYSICISTS: “Theoretical physics is at a crossroads right now…In a sense we’ve entered a very deep crisis.”   Dr. Neil Turok – Director of the Perimeter Institute for Theoretical Physics  Dr. Lee Smolin – a renowned physicist and bestselling author is pushing for a new paradigm in astrophysics:   “We need to make a clean break and embark on a search for a new kind of theory that can be applied to the whole universe – a theory that avoids the confusions and paradoxes, answers the unanswerable questions, and generates genuine physical predictions for cosmological observations.”  Cosmology on Trial – an Amazon Bestseller by Pierre St. Clair READER’S REVIEW:  A great summary study exposing the relevant details regarding modern cosmology, without complex jargon. The author's approach is "Just the facts please, show me the evidence." The Big Bang, Gravity, Quantum Mechanics, and General Relativity are on trial and their apologists go to the witness stand. Will they survive the cross-examinations? A profound eye-opener of inconsistencies taught as "scientific".   OTHER REVIEWS: “This book simply makes the very strong point that our cosmology of yesteryear was not based on solid evidence, and our cosmology of today isn't either.”   V. DiCara – Japan “Scientific progress and complacency go ill together, and St Clair has done a superb job in actually advancing the cause of real science.”  M. Lyons – USA  Cosmology On Trial examines the case for the origin of the universe like an attorney in a court of law • Major physicists like Stephen Hawking have to defend the basis for their theories • The evidence must be beyond reasonable doubt; similar to the rationale for a jury to decide a case  The book reveals that Newtonian physics, General Relativity, Quantum Mechanics, and String Theory have still not proven whether Gravity is a wave, a graviton particle, or even a fabric of spacetime.  Gravity is not even included in the Standard Model of Physics although it is ubiquitous. Physicists still do not fully understand Gravity, the most common force in nature.  “As a scientist and as an educator, I like the idea that we believe things because there’s evidence.” Dr. Richard Dawkins – Oxford University Professor and Bestselling Author  NASA physicists admit that 96% of the matter and energy in the universe is a mystery. Can today’s cosmology be complete if science only understands 4% of the universe?  Bestselling author Pierre St Clair digs deep behind the headlines to update the public about the current crisis in physics. • What science really knows about the universe and the one issue that is never studied • The most important initiative in physics which scientists ignore • The five biggest myths of cosmology that are not supported by observation or data  QUOTE FROM THE AUTHOR: " Current ideas about the origin of the universe lack verifiable data. In spite of this, many ideas masquerade as relevant theories and compete for greater elegance just like beauty pageant contestants."   “If you are interested in coming to grips with just what science knows and does not know about the universe then this book is for you.”  A. Brennan – Australia</subfield>
    <subfield code="9">Product Description</subfield>
  </datafield>
  <datafield tag="541" ind1=" " ind2=" ">
    <subfield code="9">$14.36</subfield>
  </datafield>
  <datafield tag="595" ind1=" " ind2=" ">
    <subfield code="a">AMZ201412</subfield>
  </datafield>
  <datafield tag="650" ind1="1" ind2="7">
    <subfield code="2">SzGeCERN</subfield>
    <subfield code="a">xx</subfield>
  </datafield>
  <datafield tag="653" ind1="1" ind2=" ">
    <subfield code="9">AMZ</subfield>
    <subfield code="a">14561</subfield>
  </datafield>
  <datafield tag="690" ind1="C" ind2=" ">
    <subfield code="a">BOOKSUGGESTION</subfield>
  </datafield>
  <datafield tag="916" ind1=" " ind2=" ">
    <subfield code="s">n</subfield>
    <subfield code="w">201450</subfield>
  </datafield>
  <datafield tag="960" ind1=" " ind2=" ">
    <subfield code="a">21</subfield>
  </datafield>
  <datafield tag="980" ind1=" " ind2=" ">
    <subfield code="a">BOOK</subfield>
  </datafield>
</record>