
<record>
  <controlfield tag="001">1976474</controlfield>
  <controlfield tag="003">SzGeCERN</controlfield>
  <controlfield tag="005">20150223121212.0</controlfield>
  <datafield tag="020" ind1=" " ind2=" ">
    <subfield code="a">1938549988</subfield>
    <subfield code="u">print version, hardback</subfield>
  </datafield>
  <datafield tag="020" ind1=" " ind2=" ">
    <subfield code="a">9781938549984</subfield>
    <subfield code="u">print version, hardback</subfield>
  </datafield>
  <datafield tag="024" ind1="7" ind2=" ">
    <subfield code="2">ASIN</subfield>
    <subfield code="a">1938549988</subfield>
  </datafield>
  <datafield tag="041" ind1=" " ind2=" ">
    <subfield code="a">eng</subfield>
  </datafield>
  <datafield tag="100" ind1=" " ind2=" ">
    <subfield code="a">Pryor, Roger W.</subfield>
  </datafield>
  <datafield tag="245" ind1=" " ind2=" ">
    <subfield code="a">Multiphysics modeling using COMSOL5 and MATLAB</subfield>
  </datafield>
  <datafield tag="260" ind1=" " ind2=" ">
    <subfield code="b">Mercury Learning &amp; Information</subfield>
    <subfield code="c">2015</subfield>
  </datafield>
  <datafield tag="269" ind1=" " ind2=" ">
    <subfield code="c">1 Apr 2015</subfield>
  </datafield>
  <datafield tag="300" ind1=" " ind2=" ">
    <subfield code="a">700 p</subfield>
  </datafield>
  <datafield tag="520" ind1=" " ind2=" ">
    <subfield code="9">Product Description</subfield>
    <subfield code="a">COMSOL 5 and MATLAB are valuable software modeling tools for engineers and scientists. This book explores a wide range of models in coordinate systems from 0D to 3D and introduces the numerical analysis techniques employed in COMSOL 5 (including Application Builder) and MATLAB software. The text presents electromagnetic, electronic, optical, thermal physics, and biomedical models as examples. It presents the fundamental concepts in the models and the step-by-step instructions needed to build each model. The companion DVD includes all the built models for each step-by-step example presented in the text and the related animations, as specified. The book is designed to introduce modeling to an experienced engineer or can also be used for upper level undergraduate or graduate courses. FEATURES:•Focuses on COMSOL 5 and MATLAB models that demonstrate the use of concepts for later application in engineering, science, medicine, and biophysics for the development of devices and systems•Includes a DVD with executable copies of each model and related animations •Includes detailed discussions of possible modeling errors and results•Uses a step-by-step modeling methodology linked to the Fundamental Laws of Physics</subfield>
  </datafield>
  <datafield tag="541" ind1=" " ind2=" ">
    <subfield code="9">$72.83</subfield>
  </datafield>
  <datafield tag="595" ind1=" " ind2=" ">
    <subfield code="a">AMZ201412</subfield>
  </datafield>
  <datafield tag="650" ind1="1" ind2="7">
    <subfield code="2">SzGeCERN</subfield>
    <subfield code="a">xx</subfield>
  </datafield>
  <datafield tag="653" ind1="1" ind2=" ">
    <subfield code="9">AMZ</subfield>
    <subfield code="a">5</subfield>
  </datafield>
  <datafield tag="653" ind1="1" ind2=" ">
    <subfield code="9">AMZ</subfield>
    <subfield code="a">227544</subfield>
  </datafield>
  <datafield tag="653" ind1="1" ind2=" ">
    <subfield code="9">AMZ</subfield>
    <subfield code="a">13781</subfield>
  </datafield>
  <datafield tag="653" ind1="1" ind2=" ">
    <subfield code="9">AMZ</subfield>
    <subfield code="a">21</subfield>
  </datafield>
  <datafield tag="653" ind1="1" ind2=" ">
    <subfield code="9">AMZ</subfield>
    <subfield code="a">13955</subfield>
  </datafield>
  <datafield tag="653" ind1="1" ind2=" ">
    <subfield code="9">AMZ</subfield>
    <subfield code="a">14567</subfield>
  </datafield>
  <datafield tag="653" ind1="1" ind2=" ">
    <subfield code="9">AMZ</subfield>
    <subfield code="a">14631</subfield>
  </datafield>
  <datafield tag="690" ind1="C" ind2=" ">
    <subfield code="a">BOOKSUGGESTION</subfield>
  </datafield>
  <datafield tag="916" ind1=" " ind2=" ">
    <subfield code="s">n</subfield>
    <subfield code="w">201450</subfield>
  </datafield>
  <datafield tag="960" ind1=" " ind2=" ">
    <subfield code="a">21</subfield>
  </datafield>
  <datafield tag="980" ind1=" " ind2=" ">
    <subfield code="a">BOOK</subfield>
  </datafield>
</record>