
<record>
  <controlfield tag="001">1976477</controlfield>
  <controlfield tag="003">SzGeCERN</controlfield>
  <controlfield tag="005">20141214003216.0</controlfield>
  <datafield tag="020" ind1=" " ind2=" ">
    <subfield code="a">178022690X</subfield>
    <subfield code="u">print version, paperback</subfield>
  </datafield>
  <datafield tag="020" ind1=" " ind2=" ">
    <subfield code="a">9781780226903</subfield>
    <subfield code="u">print version, paperback</subfield>
  </datafield>
  <datafield tag="024" ind1="7" ind2=" ">
    <subfield code="2">ASIN</subfield>
    <subfield code="a">178022690X</subfield>
  </datafield>
  <datafield tag="041" ind1=" " ind2=" ">
    <subfield code="a">eng</subfield>
  </datafield>
  <datafield tag="100" ind1=" " ind2=" ">
    <subfield code="a">Rees, Sir Martin</subfield>
  </datafield>
  <datafield tag="245" ind1=" " ind2=" ">
    <subfield code="a">Just six numbers (science masters)</subfield>
  </datafield>
  <datafield tag="260" ind1=" " ind2=" ">
    <subfield code="b">W&amp;N</subfield>
    <subfield code="c">2015</subfield>
  </datafield>
  <datafield tag="269" ind1=" " ind2=" ">
    <subfield code="c">5 Mar 2015</subfield>
  </datafield>
  <datafield tag="300" ind1=" " ind2=" ">
    <subfield code="a">208 p</subfield>
  </datafield>
  <datafield tag="520" ind1=" " ind2=" ">
    <subfield code="a">Just six numbers govern the shape, size and texture of our universe. If their values were only fractionally different, we would not exist nor, in many cases, would matter have had a chance to form. If the numbers that govern our universe were elegant--1, say, or Pi or the Golden Mean--we would simply shrug and say that the universe was an elegant mathematical puzzle. But the numbers Martin Rees discusses are far from tidy. Was the universe "tweaked" or is it one of many universes, all run by slightly different, but equally messy, rules?This is familiar ground, though rarely so comprehensively explored. What makes Rees's book exceptional is his conviction that cosmology is as materialistic and as conceptually simple as any of the earth sciences. Indeed, "cosmology is simpler in one important respect: once the starting point is specified, the outcome is in broad terms predictable. All large patches of the universe that start off the same way end up statistically similar. In contrast, if the Earth's history were re-run, it could end up with a quite different biosphere."Rees demonstrates how the cosmos is full of "fossils" from which we can deduce how our universe developed, as surely as we infer the earth's past from the relics found in sedimentary rocks. Rees's theme is nothing less than the colossal richness of the universe. It is an ambitious book, if anything, it deserves to be longer. --Simon Ings</subfield>
    <subfield code="9">Amazon Review</subfield>
  </datafield>
  <datafield tag="541" ind1=" " ind2=" ">
    <subfield code="9">£8.73</subfield>
  </datafield>
  <datafield tag="595" ind1=" " ind2=" ">
    <subfield code="a">AMZ201412</subfield>
  </datafield>
  <datafield tag="650" ind1="1" ind2="7">
    <subfield code="2">SzGeCERN</subfield>
    <subfield code="a">xx</subfield>
  </datafield>
  <datafield tag="653" ind1="1" ind2=" ">
    <subfield code="9">AMZ</subfield>
    <subfield code="a">277904</subfield>
  </datafield>
  <datafield tag="653" ind1="1" ind2=" ">
    <subfield code="9">AMZ</subfield>
    <subfield code="a">277889</subfield>
  </datafield>
  <datafield tag="653" ind1="1" ind2=" ">
    <subfield code="9">AMZ</subfield>
    <subfield code="a">570594</subfield>
  </datafield>
  <datafield tag="690" ind1="C" ind2=" ">
    <subfield code="a">BOOKSUGGESTION</subfield>
  </datafield>
  <datafield tag="916" ind1=" " ind2=" ">
    <subfield code="s">n</subfield>
    <subfield code="w">201450</subfield>
  </datafield>
  <datafield tag="960" ind1=" " ind2=" ">
    <subfield code="a">21</subfield>
  </datafield>
  <datafield tag="980" ind1=" " ind2=" ">
    <subfield code="a">BOOK</subfield>
  </datafield>
</record>