
<record>
  <controlfield tag="001">1667237</controlfield>
  <controlfield tag="003">SzGeCERN</controlfield>
  <controlfield tag="005">20140309000452.0</controlfield>
  <datafield tag="020" ind1=" " ind2=" ">
    <subfield code="a">0992045614</subfield>
    <subfield code="u">print version, paperback</subfield>
  </datafield>
  <datafield tag="020" ind1=" " ind2=" ">
    <subfield code="a">9780992045616</subfield>
    <subfield code="u">print version, paperback</subfield>
  </datafield>
  <datafield tag="024" ind1="7" ind2=" ">
    <subfield code="2">ASIN</subfield>
    <subfield code="a">0992045614</subfield>
  </datafield>
  <datafield tag="041" ind1=" " ind2=" ">
    <subfield code="a">eng</subfield>
  </datafield>
  <datafield tag="100" ind1=" " ind2=" ">
    <subfield code="a">Buenker, Robert J</subfield>
  </datafield>
  <datafield tag="245" ind1=" " ind2=" ">
    <subfield code="a">Relativity contradictions unveiled: kinematics, gravity and light refraction</subfield>
  </datafield>
  <datafield tag="260" ind1=" " ind2=" ">
    <subfield code="b">Apeiron</subfield>
    <subfield code="c">2014</subfield>
  </datafield>
  <datafield tag="269" ind1=" " ind2=" ">
    <subfield code="c">24 Feb 2014</subfield>
  </datafield>
  <datafield tag="300" ind1=" " ind2=" ">
    <subfield code="a">246 p</subfield>
  </datafield>
  <datafield tag="520" ind1=" " ind2=" ">
    <subfield code="a">Physicists have been taught that lengths contract when clock rates slow on a moving object.  However, in order to satisfy the light-speed constancy postulate, it is essential that lengths expand whenever clocks slow down, and in exactly the same proportion.  The fact that relativity theory leads to opposite predictions of experimental results depending on how it is applied is traced to an assumption Einstein made in his original derivation of the Lorentz transformation.  By relying instead on the everyday experience of the GPS methodology, it is possible to define a different space-time transformation that still satisfies Einstein’s postulates but removes all contradictions in the existing theory. It also enables a return to a purely objective view of the measurement process by assuming that the standard units in which the laws of physics are expressed vary systematically between different rest frames.  This approach allows for quantitative prediction of key experimental results caused by gravity such as the angle of displacement of star images during solar eclipses.  It also leads to a challenge to Einstein’s General Theory of Relativity regarding the precession of orbiting satellites.  These results permit a much more sanguine assessment of Newton’s vision of the Universe in terms of a strict separation between space and time.  The book also points out a previously unnoticed connection between his corpuscular theory of light and the key quantum mechanical relationships first discovered at the dawn of the 20th century.</subfield>
    <subfield code="9">Product Description</subfield>
  </datafield>
  <datafield tag="541" ind1=" " ind2=" ">
    <subfield code="9">$9.86</subfield>
  </datafield>
  <datafield tag="595" ind1=" " ind2=" ">
    <subfield code="a">AMZ201403</subfield>
  </datafield>
  <datafield tag="650" ind1="1" ind2="7">
    <subfield code="2">SzGeCERN</subfield>
    <subfield code="a">xx</subfield>
  </datafield>
  <datafield tag="653" ind1="1" ind2=" ">
    <subfield code="9">AMZ</subfield>
    <subfield code="a">14592</subfield>
  </datafield>
  <datafield tag="690" ind1="C" ind2=" ">
    <subfield code="a">BOOKSUGGESTION</subfield>
  </datafield>
  <datafield tag="916" ind1=" " ind2=" ">
    <subfield code="s">n</subfield>
    <subfield code="w">201411</subfield>
  </datafield>
  <datafield tag="960" ind1=" " ind2=" ">
    <subfield code="a">21</subfield>
  </datafield>
  <datafield tag="980" ind1=" " ind2=" ">
    <subfield code="a">BOOK</subfield>
  </datafield>
</record>