
<record>
  <controlfield tag="001">1954504</controlfield>
  <controlfield tag="003">SzGeCERN</controlfield>
  <controlfield tag="005">20141012001321.0</controlfield>
  <datafield tag="020" ind1=" " ind2=" ">
    <subfield code="a">1446276066</subfield>
    <subfield code="u">print version, paperback</subfield>
  </datafield>
  <datafield tag="020" ind1=" " ind2=" ">
    <subfield code="a">9781446276068</subfield>
    <subfield code="u">print version, paperback</subfield>
  </datafield>
  <datafield tag="024" ind1="7" ind2=" ">
    <subfield code="2">ASIN</subfield>
    <subfield code="a">1446276066</subfield>
  </datafield>
  <datafield tag="041" ind1=" " ind2=" ">
    <subfield code="a">eng</subfield>
  </datafield>
  <datafield tag="100" ind1=" " ind2=" ">
    <subfield code="a">Richards, Lyn</subfield>
  </datafield>
  <datafield tag="245" ind1=" " ind2=" ">
    <subfield code="a">Handling qualitative data: a practical guide</subfield>
  </datafield>
  <datafield tag="250" ind1=" " ind2=" ">
    <subfield code="a">3rd ed</subfield>
  </datafield>
  <datafield tag="260" ind1=" " ind2=" ">
    <subfield code="b">SAGE Publications Ltd</subfield>
    <subfield code="c">2014</subfield>
  </datafield>
  <datafield tag="269" ind1=" " ind2=" ">
    <subfield code="c">25 Nov 2014</subfield>
  </datafield>
  <datafield tag="300" ind1=" " ind2=" ">
    <subfield code="a">264 p</subfield>
  </datafield>
  <datafield tag="520" ind1=" " ind2=" ">
    <subfield code="a">The third edition of Lyn Richards' best-selling book is the perfect introduction to qualitative research for students and practitioners. Recognizing that for many new researchers dealing with data is the main point of departure, this book helps them to acquire an understanding of the skills and methodological issues that are central to qualitative research. Lyn Richards provides practical guidance on how to handle, reflect on and make sense of rich data, while at the same time showing how a consideration of methods and their philosophical underpinnings informs how we should best handle our data. Detailed sections cover: the processes of making, meeting, sorting, coding, documenting and exploring qualitative data; how to see a study as a whole and write it, and making and justifying claims. Each chapter smoothly integrates software use with discussion of the main challenges that software users are likely to encounter. Novice researchers who use this book will be able to achieve valid and useful outcomes from qualitative analysis, and ensure they do justice to their data.  The new edition features:
 - A fully updated website with expanded examples of ‘Methods in Practice’ showing students and practitioners what qualitative data analysis looks like in real life; researchers reflect back on their project and what they might have done differently.
 - New critical discussion on the companion website of the contributions of qualitative software and relevance of current software to project tasks. Researchers using different qualitative software packages report how they were used and where there limits were met.
 - Extended coverage within the text of key topics in qualitative research including ethics, reflexivity, and the relationship between research questions and methodological choices. 
 With examples from a wide range of social science disciplines including Education, Media, Sociology, Psychology and Health, this book is the perfect companion for all those starting out qualitative research.
</subfield>
    <subfield code="9">Product Description</subfield>
  </datafield>
  <datafield tag="541" ind1=" " ind2=" ">
    <subfield code="9">$47.50</subfield>
  </datafield>
  <datafield tag="595" ind1=" " ind2=" ">
    <subfield code="a">AMZ201410</subfield>
  </datafield>
  <datafield tag="650" ind1="1" ind2="7">
    <subfield code="2">SzGeCERN</subfield>
    <subfield code="a">xx</subfield>
  </datafield>
  <datafield tag="653" ind1="1" ind2=" ">
    <subfield code="9">AMZ</subfield>
    <subfield code="a">13640</subfield>
  </datafield>
  <datafield tag="653" ind1="1" ind2=" ">
    <subfield code="9">AMZ</subfield>
    <subfield code="a">11274</subfield>
  </datafield>
  <datafield tag="653" ind1="1" ind2=" ">
    <subfield code="9">AMZ</subfield>
    <subfield code="a">468216</subfield>
  </datafield>
  <datafield tag="653" ind1="1" ind2=" ">
    <subfield code="9">AMZ</subfield>
    <subfield code="a">468214</subfield>
  </datafield>
  <datafield tag="690" ind1="C" ind2=" ">
    <subfield code="a">BOOKSUGGESTION</subfield>
  </datafield>
  <datafield tag="916" ind1=" " ind2=" ">
    <subfield code="s">n</subfield>
    <subfield code="w">201441</subfield>
  </datafield>
  <datafield tag="960" ind1=" " ind2=" ">
    <subfield code="a">21</subfield>
  </datafield>
  <datafield tag="980" ind1=" " ind2=" ">
    <subfield code="a">BOOK</subfield>
  </datafield>
</record>