
<record>
  <controlfield tag="001">1528862</controlfield>
  <controlfield tag="003">SzGeCERN</controlfield>
  <controlfield tag="005">20131111112349.0</controlfield>
  <datafield tag="595" ind1=" " ind2=" ">
    <subfield code="a">AMZ201303</subfield>
  </datafield>
  <datafield tag="980" ind1=" " ind2=" ">
    <subfield code="a">BOOK</subfield>
  </datafield>
  <datafield tag="700" ind1=" " ind2=" ">
    <subfield code="a">Santos, Omar</subfield>
  </datafield>
  <datafield tag="250" ind1=" " ind2=" ">
    <subfield code="a">3rd ed</subfield>
  </datafield>
  <datafield tag="100" ind1=" " ind2=" ">
    <subfield code="a">Frahim, Jazib</subfield>
  </datafield>
  <datafield tag="690" ind1="C" ind2=" ">
    <subfield code="a">BOOKSUGGESTION</subfield>
  </datafield>
  <datafield tag="541" ind1=" " ind2=" ">
    <subfield code="9">$64.11</subfield>
  </datafield>
  <datafield tag="520" ind1=" " ind2=" ">
    <subfield code="9">Product Description</subfield>
    <subfield code="a">This is the definitive, up-to-date practitioner's guide to planning, deploying, and troubleshooting comprehensive security plans with Cisco ASA. Written by two experienced Cisco Security and VPN Solutions consultants who work closely with customers to solve security problems every day, the book brings together valuable insights and real-world deployment examples for both large and small network environments. Jazib Frahim and Omar Santos begin by introducing the newest ASA Firewall Solution and its capabilities. Next, they walk through configuring and troubleshooting both site-to-site and remote access VPNs, and implementing Intrusion Prevention System (IPS) features supported by the ASA's Advanced Inspection and Prevention Security Services Module (AIP-SSM). Each chapter is comprised of many sample configurations, accompanied by in-depth analysis of design scenarios, plus a complete set of debugs in every section.      Fully updated for the newest ASA product releases,   Cisco ASA, Third Edition  adds new coverage of:     ASA 5585X and ASA-SM   Major updates to license configurations   EtherChannel setup   Global ACLs   Configuring WCCP, WAAS, and NAT post-8.2 behavior   Identity-aware firewalls   IPv6 inspections   Major changes to IPS and AIP-SSM configuration and troubleshooting   IKEv1 and IKEv2 support   IPv6 support on site-to-site IPsec VPNs   AnyConnect Secure Mobility VPN clients, and more</subfield>
  </datafield>
  <datafield tag="653" ind1="1" ind2=" ">
    <subfield code="9">AMZ</subfield>
    <subfield code="a">3641</subfield>
  </datafield>
  <datafield tag="653" ind1="1" ind2=" ">
    <subfield code="9">AMZ</subfield>
    <subfield code="a">379347011</subfield>
  </datafield>
  <datafield tag="653" ind1="1" ind2=" ">
    <subfield code="9">AMZ</subfield>
    <subfield code="a">3741</subfield>
  </datafield>
  <datafield tag="653" ind1="1" ind2=" ">
    <subfield code="9">AMZ</subfield>
    <subfield code="a">3705</subfield>
  </datafield>
  <datafield tag="653" ind1="1" ind2=" ">
    <subfield code="9">AMZ</subfield>
    <subfield code="a">3746</subfield>
  </datafield>
  <datafield tag="653" ind1="1" ind2=" ">
    <subfield code="9">AMZ</subfield>
    <subfield code="a">468204</subfield>
  </datafield>
  <datafield tag="650" ind1="1" ind2="7">
    <subfield code="2">SzGeCERN</subfield>
    <subfield code="a">xx</subfield>
  </datafield>
  <datafield tag="916" ind1=" " ind2=" ">
    <subfield code="s">n</subfield>
    <subfield code="w">201312</subfield>
  </datafield>
  <datafield tag="300" ind1=" " ind2=" ">
    <subfield code="a">1200 p</subfield>
  </datafield>
  <datafield tag="245" ind1=" " ind2=" ">
    <subfield code="a">Cisco ASA: all-in-one firewall, IPs, and VPN adaptive security appliance (3rd edition)</subfield>
  </datafield>
  <datafield tag="024" ind1="7" ind2=" ">
    <subfield code="2">ASIN</subfield>
    <subfield code="a">1587143070</subfield>
  </datafield>
  <datafield tag="260" ind1=" " ind2=" ">
    <subfield code="b">Cisco Press</subfield>
    <subfield code="c">2013</subfield>
  </datafield>
  <datafield tag="020" ind1=" " ind2=" ">
    <subfield code="a">1587143070</subfield>
    <subfield code="u">print version, paperback</subfield>
  </datafield>
  <datafield tag="020" ind1=" " ind2=" ">
    <subfield code="a">9781587143076</subfield>
    <subfield code="u">print version, paperback</subfield>
  </datafield>
  <datafield tag="269" ind1=" " ind2=" ">
    <subfield code="c">16 Sep 2013</subfield>
  </datafield>
  <datafield tag="041" ind1=" " ind2=" ">
    <subfield code="a">eng</subfield>
  </datafield>
  <datafield tag="960" ind1=" " ind2=" ">
    <subfield code="a">21</subfield>
  </datafield>
</record>