
<record>
  <controlfield tag="001">1740992</controlfield>
  <controlfield tag="003">SzGeCERN</controlfield>
  <controlfield tag="005">20140706002919.0</controlfield>
  <datafield tag="020" ind1=" " ind2=" ">
    <subfield code="a">0957389450</subfield>
    <subfield code="u">print version, paperback</subfield>
  </datafield>
  <datafield tag="020" ind1=" " ind2=" ">
    <subfield code="a">9780957389458</subfield>
    <subfield code="u">print version, paperback</subfield>
  </datafield>
  <datafield tag="024" ind1="7" ind2=" ">
    <subfield code="2">ASIN</subfield>
    <subfield code="a">0957389450</subfield>
  </datafield>
  <datafield tag="041" ind1=" " ind2=" ">
    <subfield code="a">eng</subfield>
  </datafield>
  <datafield tag="100" ind1=" " ind2=" ">
    <subfield code="a">Collier, Peter</subfield>
  </datafield>
  <datafield tag="245" ind1=" " ind2=" ">
    <subfield code="a">A most incomprehensible thing: notes towards a very gentle introduction to the mathematics of relativity</subfield>
  </datafield>
  <datafield tag="250" ind1=" " ind2=" ">
    <subfield code="a">2nd ed</subfield>
  </datafield>
  <datafield tag="260" ind1=" " ind2=" ">
    <subfield code="b">Incomprehensible Books</subfield>
    <subfield code="c">2014</subfield>
  </datafield>
  <datafield tag="269" ind1=" " ind2=" ">
    <subfield code="c">30 Jun 2014</subfield>
  </datafield>
  <datafield tag="300" ind1=" " ind2=" ">
    <subfield code="a">334 p</subfield>
  </datafield>
  <datafield tag="520" ind1=" " ind2=" ">
    <subfield code="a">Reader reviews " ... do not be put off by the title! This is a great book on relativity which nicely bridges the gap between those books catering for readers who know little or nothing about relativity and those texts intended for physics mathematical specialists." - Amazon.co.uk  "Well done - a magnificent achievement" - Amazon.co.uk  "Highly recommended for anyone willing to invest some time and effort." - Amazon.com  Synopsis Based on the concept of four-dimensional spacetime - curved in the vicinity of mass-energy, flat in its absence - Einstein's theories of special and general relativity together form a cornerstone of modern physics. Special relativity has some strangely counter-intuitive consequences, including time dilation, length contraction, the relativity of simultaneity and mass-energy equivalence, whilst general relativity is at the heart of our understanding of black holes and the evolution of the universe.  Using straightforward, accessible language, with numerous fully solved problems and clear derivations and explanations, this book is aimed at the enthusiastic general reader who wants to move beyond maths-lite popularisations and tackle the essential mathematics of this fascinating theory. (To paraphrase Euclid, there is no royal road to relativity - you have to do the mathematics.) For those with minimal mathematical background, the first chapter provides a crash course in foundation mathematics. The reader is then taken gently by the hand and guided through a wide range of fundamental topics, including Newtonian mechanics; the Lorentz transformations; tensor calculus; the Einstein field equations; the Schwarzschild solution; the four classical tests of general relativity; simple black holes; the mysteries of dark energy and the cosmological constant; and the Friedmann equations and Friedmann-Robertson-Walker cosmological models.  Understand even the basics of Einstein's amazing theory and the world will never seem the same again.  Contents Preface Introduction 1 Foundation mathematics 2 Newtonian mechanics 3 Special relativity 4 Introducing the manifold 5 Scalars, vectors, one-forms and tensors 6 More on curvature 7 General relativity 8 The Newtonian limit 9 The Schwarzschild metric 10 Schwarzschild black holes 11 Cosmology Bibliography Appendix - Planetary motion data Acknowledgements This second edition consists of the original first edition text plus all those corrections and clarifications to the first edition listed in the online errata sheet.</subfield>
    <subfield code="9">Product Description</subfield>
  </datafield>
  <datafield tag="541" ind1=" " ind2=" ">
    <subfield code="9">$13.49</subfield>
  </datafield>
  <datafield tag="595" ind1=" " ind2=" ">
    <subfield code="a">AMZ201407</subfield>
  </datafield>
  <datafield tag="650" ind1="1" ind2="7">
    <subfield code="2">SzGeCERN</subfield>
    <subfield code="a">xx</subfield>
  </datafield>
  <datafield tag="653" ind1="1" ind2=" ">
    <subfield code="9">AMZ</subfield>
    <subfield code="a">14592</subfield>
  </datafield>
  <datafield tag="690" ind1="C" ind2=" ">
    <subfield code="a">BOOKSUGGESTION</subfield>
  </datafield>
  <datafield tag="916" ind1=" " ind2=" ">
    <subfield code="s">n</subfield>
    <subfield code="w">201427</subfield>
  </datafield>
  <datafield tag="960" ind1=" " ind2=" ">
    <subfield code="a">21</subfield>
  </datafield>
  <datafield tag="980" ind1=" " ind2=" ">
    <subfield code="a">BOOK</subfield>
  </datafield>
</record>